3084 4959
989 370 1103 420 rr..
1148 367 1467 419 anunu
1514 368 1856 419 sunum.
2348 348 2523 422 1497

322 518 437 597 ait,
457 515 837 600 Augustum
867 516 1243 584 acclamant
1271 510 1581 585 Parisiis.
1667 508 1745 582 Is
1775 515 2003 581 statim
2047 516 2311 599 legatos
2340 516 2520 583 Cou-

318 619 822 708 stautinopolim
869 617 957 685 ad
1014 619 1481 685 Constantium
1532 637 1686 684 cum
1731 617 1938 683 literis
1978 617 2208 695 mittit,
2262 619 2524 704 quibus

317 723 481 791 facti
508 723 615 789 sui
638 724 961 790 rationem
989 721 1319 787 redderet.
1407 721 1510 786 Hi
1541 720 1723 805 apud
1746 719 2131 787 Caesaream
2154 720 2520 806 Cappado-

314 826 449 891 ciae
506 824 790 909 superbe
838 822 1258 908 accipiuntur
1299 842 1345 889 a
1391 822 1822 891 constantio.
1908 821 2141 902 Quare
2195 824 2517 892 Julianus

315 927 708 1013 Trajectum
734 925 823 991 ad
861 925 1137 992 Mosam
1181 926 1350 1005 abit,
1396 926 1642 992 deinde
1687 926 2093 993 Hattuarios
2139 924 2515 994 Galliarum

319 1039 624 1098 extrema
665 1037 1013 1096 vastantes
1042 1036 1113 1096 et
1140 1048 1435 1108 securos,
1466 1030 1652 1115 quod
1684 1050 1761 1096 se
1789 1030 2096 1095 locorum
2128 1029 2316 1095 aditu
2346 1030 2516 1096 diffia

316 1133 551 1200 cilium
579 1132 904 1220 praesidio
938 1135 1240 1199 munitos
1278 1131 1643 1213 crederent,
1683 1133 2027 1218 opprimit,
2055 1138 2121 1198 et
2150 1132 2237 1199 ad
2266 1148 2512 1218 pacem

316 1236 668 1322 petendam
700 1236 935 1321 adigit.
1020 1236 1195 1303 Tum
1242 1233 1533 1302 Viennae
1579 1235 1869 1322 hyemat,
1899 1242 1972 1302 et
1999 1234 2517 1321 quinquennalia

316 1340 630 1406 celebrat.
717 1339 830 1405 Ibi
869 1337 1018 1424 ejus
1043 1356 1222 1405 uxor
1251 1338 1528 1405 Helena
1569 1331 1733 1415 obii,
1761 1340 2048 1424 ejusque
2085 1350 2328 1423 corpus
2371 1339 2512 1405 Roe

315 1460 499 1507 mam
528 1441 831 1509 mittitur.
921 1441 1200 1507 Interim
1229 1436 1544 1507 Julianus
1574 1440 1880 1506 diffidens
1899 1441 2193 1506 futurum
2214 1460 2515 1525 unquam

316 1553 393 1613 ut
421 1543 864 1611 Constantius
892 1545 1302 1633 placaretur,
1343 1545 1580 1610 statuit
1623 1548 1854 1628 aperto
1896 1540 2118 1610 Marte
2164 1545 2514 1628 imperium

316 1653 527 1713 totum
556 1666 914 1732 occupare.
1004 1646 1253 1733 Itaque
1280 1647 1553 1732 scriptis
1576 1645 1663 1712 ad
1692 1646 1997 1713 diversas
2023 1647 2337 1712 civitates
2366 1647 2518 1712 lite-

312 1750 432 1831 ris,
456 1751 703 1837 quibus
730 1758 808 1816 ut
830 1749 966 1815 sibi
988 1748 1224 1815 fideles
1249 1756 1477 1815 essent
1504 1756 1977 1829 commoneret,
2000 1749 2069 1814 in
2092 1750 2513 1817 Pannoniam

313 1852 496 1923 venit
524 1858 758 1921 contra
786 1852 1253 1919 Constantium
1283 1852 1742 1918 dimicaturus.

356 2049 449 2118 A.
470 2049 560 2117 U.
586 2050 665 2118 C.
692 2064 971 2117 nexur.
1015 2051 1270 2117 Christi
1299 2066 1604 2135 cccnxr.
1652 2051 2028 2119 Constantii
2056 2051 2236 2137 Aug.
2269 2070 2466 2119 XXV.

1038 2153 1301 2222 Iuliani
1331 2153 1550 2220 AEtat.
1585 2171 1793 2221 xxx.
1895 2156 1902 2165 '

318 2312 325 2319 -
402 2273 816 2341 Constantio
844 2271 1159 2358 Augusto
1188 2275 1257 2339 in
1287 2274 1724 2358 expeditione
1771 2273 2052 2341 Persica
2096 2293 2306 2359 prope
2346 2274 2513 2344 Tar-⁸

314 2392 468 2443 sum
510 2394 635 2443 111.
683 2376 925 2443 Nonas
971 2376 1128 2442 Oct.
1171 2384 1458 2457 mortuo,
1485 2375 1809 2443 Julianus
1836 2377 2514 2462 Constantinopolim,

312 2479 669 2546 Alamanis
696 2480 944 2545 iterum
981 2479 1208 2559 vietiS,
1244 2480 1700 2566 ordinatisque
1730 2479 1974 2546 Galliis
2001 2487 2205 2558 recta,
2234 2487 2516 2545 conten·-

312 2583 457 2649 dit:
499 2602 588 2648 ex
615 2583 881 2668 imperii
907 2582 1269 2667 primariiS,
1312 2582 1639 2648 amicisve
1673 2570 2075 2662 Constantii,
2103 2582 2279 2647 alios
2319 2600 2510 2658 nece,

310 2685 489 2752 alios
516 2684 800 2750 mulctat
826 2685 1058 2750 exilio.
1144 2683 1535 2768 Episcopos
1582 2685 1828 2766 exules
1873 2691 2171 2771 revocat,
2204 2688 2406 2767 atque
2437 2690 2513 2751 ut

313 2789 566 2854 mutuis
595 2787 901 2854 dissidiis
931 2806 1084 2854 sese
1110 2787 1504 2881 affligerent,
1533 2804 1742 2874 quam
1776 2788 2065 2872 quisque
2111 2789 2316 2855 vellet
2358 2807 2510 2854 sec-

311 2892 451 2956 tam
483 2891 673 2975 sequi
703 2891 1050 2975 permittit.
1103 2888 1556 2956 Christianam
1588 2891 1973 2973 religionem
2003 2891 2223 2975 palam
2254 2889 2514 2975 ejurat;

309 3012 439 3059 nec
486 2992 708 3058 minus
759 2993 1114 3059 crudeliter
1162 3012 1368 3076 quam
1417 2992 1661 3058 callide
1712 2992 2124 3069 insectatur;
2169 2994 2512 3077 gentilium

310 3098 566 3182 templa
608 3101 860 3161 reserat
898 3094 1274 3180 reficitque,
1316 3101 1387 3161 et
1411 3094 1564 3180 ipse
1599 3096 1670 3160 in
1713 3095 2102 3179 pontificem
2147 3096 2516 3165 maximum

310 3198 612 3284 profanis
640 3199 879 3269 ritibus
906 3204 1367 3264 cousecratur.
1494 3254 1499 3259 .

461 3380 555 3449 A.
591 3382 674 3450 U.
692 3382 772 3448 C.
805 3399 1045 3450 mcxv·
1110 3382 1362 3449 Christi
1394 3397 1731 3449 ccchxll·
1779 3381 2057 3471 'Juliani
2086 3383 2262 3473 Imp.
2298 3402 2354 3451 1.

1164 3487 1379 3554 AEtat.
1421 3503 1666 3554 xxxi.

399 3599 516 3669 Ad
540 3603 886 3673 Julianum
914 3605 1120 3670 variae
1150 3607 1442 3692 undique
1468 3607 1836 3688 legationes
1877 3607 2253 3674 adveniunt.
2344 3589 2510 3692 Ipse

310 3714 549 3772 contra
603 3706 852 3772 Persas
909 3707 1347 3791 proficiscens
1398 3707 1871 3773 Nicomediam
1927 3715 1998 3773 et
2046 3716 2509 3793 transgressus

306 3808 692 3875 Antiochiae
733 3808 1033 3894 hyemat.
1118 3808 1259 3875 Hic
1291 3810 1526 3875 irrisus
1557 3811 1648 3876 ab
1675 3810 2266 3892 Antiochensibus,
2304 3815 2508 3901 inpri-

308 3913 575 3996 misque
592 3911 803 3997 jactis
827 3912 899 3977 iu
923 3912 1074 3996 ejus
1094 3913 1393 3993 barbam,
1413 3930 1567 3998 quae
1589 3914 1745 3998 plus
1766 3934 1969 3997 aequo
1991 3917 2318 4000 prolixior
2344 3925 2512 3999 erat,

309 4016 633 4095 dicteriis,
657 4015 870 4082 iratus
891 4017 1175 4100 primum
1202 4025 1350 4099 est3
1395 4024 1533 4083 tum
1569 4018 1846 4083 satirico
1876 4024 1948 4083 et
1965 4018 2278 4102 jocorum
2308 4021 2508 4104 pleno

200 4194 211 4209 ⁵
306 4117 562 4198 libello,
594 4136 796 4205 quem
827 4117 1373 4203 Misopogonem,
1399 4119 1474 4185 id
1503 4127 1631 4198 est,
1663 4139 1928 4185 osorem
1959 4122 2190 4187 barbae
2221 4124 2506 4210 inscrip-

306 4222 425 4301 sit,
460 4242 581 4288 eos
629 4223 1065 4307 perstrinxit3
1116 4223 1186 4291 in
1239 4241 1378 4307 quo
1422 4235 1757 4308 perpetua
1798 4223 2018 4293 ironia
2062 4225 2325 4295 videtur
2371 4246 2507 4297 non
