3084 4959
851 349 1391 408 consummo
1434 359 1618 408 auc.
1661 353 1778 407 -Χ,
1808 344 1921 411 37.
2309 348 2483 418 1485

291 508 603 571 feruntur.
688 501 755 567 2.
802 503 951 570 Nec
1002 505 1584 570 Lacedaemoniis⁰
1632 505 1852 589 magis
1890 504 2179 583 licuerit,
2220 504 2354 573 hoc
2385 511 2488 573 in-

294 611 523 674 stituto
550 608 1036 690 rempublicam
1067 608 1237 672 tueri
1267 626 1484 685 suam,
1531 626 1684 670 cum
1716 625 1960 690 regem,
1993 607 2127 672 nisi
2155 627 2242 673 ex
2275 611 2486 696 stirpe

294 710 631 788 Herculis,
658 729 788 773 non
818 710 1163 774 haberent.
1249 709 1466 786 TuoS,
1502 707 1939 797 Constantine
1982 712 2297 791 maxime,
2326 720 2488 777 tuos

291 815 567 891 liberos,
601 832 683 876 ac
711 810 1033 895 deinceps
1063 819 1347 895 nepotes
1376 818 1602 876 tecum
1650 816 1862 894 optat,
1889 819 1967 877 ut
1994 816 2180 878 tanto
2213 834 2258 878 a
2282 816 2488 899 pluri-

290 914 461 982 bus<²
487 919 828 1001 petantur,
861 919 1115 999 quanto
1145 914 1230 978 ad
1257 913 1519 998 majora
1544 919 1928 980 nascuntur.
2014 914 2083 979 3.
2129 917 2492 983 Declarant

203 1082 207 1086 .
294 1036 453 1084 ecce
481 1019 824 1093 rationem,
868 1016 1443 1102 cupiditatemque
1488 1023 1792 1084 votorum
1837 1017 2024 1083 facta
2061 1017 2313 1103 Crispi,
2343 1020 2490 1086 (3ae-
2585 1022 2588 1029 '

294 1136 517 1187 sarum
549 1120 852 1196 maximi,
882 1120 950 1183 in
990 1139 1121 1204 quo
1151 1119 1356 1183 velox
1380 1121 1620 1197 virtus,
1653 1121 1882 1184 aetatis
1909 1139 2101 1185 mora
2127 1142 2257 1187 non
2286 1129 2494 1188 retar-

296 1224 477 1301 data,
508 1223 797 1307 pueriles
823 1241 1032 1288 annos
1062 1222 1294 1305 gloriis
1322 1222 1840 1307 triumphalibus
1861 1226 2266 1308 occupavit:
2299 1227 2493 1311 cujus

296 1330 391 1393 ita
408 1327 552 1411 jam
581 1326 825 1390 uberes
856 1331 1113 1391 scatent
1132 1324 1395 1404 laudeS,
1425 1332 1502 1392 ut
1531 1327 1755 1410 plenae
1783 1334 2064 1411 possent
2102 1327 2336 1406 videri,
2365 1329 2496 1393 nisi

298 1431 594 1513 coepisse
646 1436 715 1492 et
764 1434 1067 1512 patrem⁶
1123 1428 1598 1510 cogitaremus,
1683 1430 1752 1492 4.
1797 1427 1941 1511 Qui
1987 1430 2267 1514 ¹quidem
2315 1451 2494 1497 nunc

296 1530 767 1597 nobilissimus
814 1529 1048 1595 Caesar
1076 1531 1435 1596 venerandi
1478 1531 1722 1616 patriS,
1749 1531 2054 1610 fratrum,
2087 1551 2498 1617 suorumque

301 1635 589 1700 omnium
616 1633 1180 1716 fruituraspectu,
1228 1652 1440 1718 seque
1479 1634 1834 1699 fruendum
1876 1634 2190 1698 omnibus
2216 1639 2496 1718 praebet.

300 1740 364 1801 5.
410 1735 638 1801 Cruda
681 1734 897 1800 adhuc
943 1735 1183 1818 hyeme
1229 1734 1378 1813 iter,
1428 1735 1581 1817 gelu
1617 1735 2054 1813 intractabile,
2103 1735 2499 1803 immensum

300 1841 554 1924 spatio,
582 1839 856 1904 nivibus
899 1839 1247 1916 infestum,
1275 1838 1649 1903 incredibili
1695 1837 2033 1902 celeritate
2074 1839 2386 1919 confecit,
2426 1848 2501 1906 ut

299 1943 748 2024 intelligamus
800 1937 1174 2005 alacritatis
1207 1939 1378 2004 nihil
1428 1959 1769 2024 asperum,
1795 1940 1918 2024 qui
1950 1940 2192 2023 ipsam,
2224 1961 2429 2025 quam
2460 1963 2504 2008 a

300 2047 447 2111 suis
476 2045 770 2129 petebat,
802 2051 939 2109 tam
967 2044 1376 2109 laboriosam
1407 2044 1770 2109 instituerit
1793 2041 2269 2108 voluntatem.-

390 2148 573 2213 CAP.
633 2162 955 2210 xxxvn.
1044 2149 1106 2210 1.
1180 2145 1359 2225 Quae
1415 2152 1627 2225 tuum,
1688 2145 2124 2211 Constantine
2179 2150 2503 2227 maxime,

301 2251 468 2369 mite
500 2257 740 2333 pectus
769 2250 1155 2315 inundavit⁶
1202 2249 1573 2333 gratulatio,
1619 2251 1735 2314 cui
1779 2254 1964 2315 tanto
2007 2249 2363 2316 intervallo
2405 2251 2502 2316 vi-

368 2437 574 2486 ·Nihil
593 2437 752 2488 vivido
767 2436 867 2498 qius
894 2435 1049 2486 animo
1070 2450 1169 2484 esse
1189 2435 1400 2502 difficile,
1420 2435 1505 2501 qui
1519 2434 1657 2499 prior
1687 2435 1907 2487 habuerit
1925 2435 2058 2486 illam
2075 2435 2366 2488 voluntatem
2389 2439 2505 2488 adeo

302 2507 560 2559 strenuam,
582 2519 723 2566 quam
743 2519 773 2552 a
791 2503 891 2552 suis
912 2502 1142 2550 militibus
1162 2501 1495 2567 reposcebat.
1839 2548 1848 2555 ,

375 2568 396 2602 θ
427 2568 675 2629 Perfudit.

1548 2647 1580 2666 0

302 2749 573 2808 veneratur,
598 2746 762 2795 Roma
783 2744 1005 2795 scilicet.
1050 2745 1224 2793 iter-am
1256 2745 1569 2807 proferantur
1603 2743 1817 2807 Cuspiu-
1857 2744 2094 2794 Rhenan.
2124 2744 2309 2808 Steph.
2334 2745 2506 2796 Livin.

307 2812 520 2862 Puteol.
542 2811 711 2860 Rivin.
732 2811 797 2860 al.
822 2817 951 2860 vett.
1003 2811 1523 2873 iaterimproferuatur
1542 2809 1770 2871 Guelph.
1791 2810 1917 2859 Vet.
1942 2811 2169 2860 Putean.
2193 2812 2319 2860 Vet.
2341 2811 2511 2861 Livio.

306 2876 510 2926 Bertin.
530 2875 684 2925 Grnt.
699 2882 754 2924 et
771 2882 974 2925 recentt
977 2881 1090 2924 0-—2
1115 2876 1582 2926 NeLacedoemoniis
1597 2875 1721 2924 Vet.
1741 2874 1969 2925 Puteau.
2035 2876 2324 2939 Prot-emptu
2326 2876 2515 2938 blicam,

308 2941 534 3003 Gnelph.
553 2942 710 2991 habet
731 2942 955 3004 reipoe,i.
978 2956 1025 2990 e.
1046 2941 1336 3008 reipublicae.
1403 2941 1570 2990 Panlo
1594 2948 1726 3000 post,
1746 2944 1934 2989 atanto
1950 2941 2166 3004 pluribus
2183 2943 2330 3005 ποιῇ.
2325 2942 2514 2990 Lrvin.

306 3009 492 3071 quando
513 3008 576 3055 ad
595 3007 773 3067 majora
810 3011 1066 3055 nascantur
1087 3002 1323 3056 Rhenan.
1360 3005 1540 3069 Stepb.
1575 3005 1747 3054 Rivin·
1792 3011 1969 3068 quanto
2000 3008 2063 3054 ad
2084 3022 2148 3055 ιιι.
2171 3012 2430 3056 nascuntur
2447 3009 2515 3056 al·

311 3086 398 3134 ap.
422 3072 658 3121 Rhenau.
680 3073 809 3121 Exc.
833 3070 1120 3121 Schonhov.
1142 3071 1310 3119 Livin.
1330 3078 1387 3120 et
1412 3076 1671 3120 receuttd
1697 3069 1879 3118 recte!
1908 3070 2087 3119 Arntz.
2136 3078 2311 3135 quanto
2332 3072 2514 3133 maiora

307 3143 569 3186 noscantur
588 3138 710 3187 Vet·
746 3137 967 3186 Putean.
988 3142 1046 3184 et
1067 3135 1207 3185 Gud.
1208 3140 1304 3184 --3
1333 3137 1546 3185 Coesaris
1576 3135 1779 3184 maximi
1812 3135 1938 3185 Vet.
1975 3135 2146 3185 Livia.
2212 3137 2362 3197 Mox,
2388 3139 2511 3188 Aci-

308 3201 414 3251 dal.
431 3204 565 3265 conj.
589 3203 890 3265 nisicoepisse
906 3207 1106 3266 partem,
1123 3203 1207 3265 ᾄτ.
1252 3200 1484 3251 Patarol.
1506 3209 1562 3250 et
1583 3201 1778 3262 Jaeger.
1800 3200 1988 3264 coepisne
2001 3205 2048 3250 et
2066 3206 2253 3263 partem
2256 3207 2367 3251 .—4
2385 3203 2513 3253 Voc.

309 3281 439 3315 nunc
457 3268 642 3317 deest
629 3282 681 3317 ιιι
706 3269 902 3317 Ber-tin.
907 3273 1002 3316 -5
1029 3266 1164 3316 Edd.
1203 3275 1326 3316 ante
1359 3267 1555 3328 Jaeger.
1576 3266 1690 3314 ati.
1712 3265 2073 3322 alacritatibuse
2124 3268 2246 3317 Vet.
2284 3269 2513 3319 Putean.

312 3338 370 3445 {It
391 3332 562 3447 (3:1er
531 3334 617 3396 p.h
633 3339 687 3383 at
706 3335 744 3383 i.
763 3333 1027 3383 alacritati.
1091 3333 1386 3390 Postremo,
1408 3334 1493 3384 ed.
1513 3332 1698 3396 Steph.
1718 3329 2007 3381 instruxerit
2021 3331 2328 3384 voluntatem.
2375 3334 2514 3385 Vide

374 3410 403 3444 ο
542 3414 645 3448 arr.

1299 3479 1520 3532 NOTAE

305 3574 420 3638 jam
442 3588 766 3638 veneramur,
789 3577 891 3626 etsi
924 3582 1048 3626 vota
1068 3584 1250 3627 nostra
1273 3576 1377 3626 dif—
1513 3574 1539 3610 ‘¹
1563 3577 1714 3625 Tanto
1735 3591 1766 3625 a
1783 3573 2026 3638 pluribus]
2061 3574 2262 3637 Supple
2284 3574 2483 3638 populis.

310 3649 572 3711 feruntur,
608 3652 786 3709 idest,
824 3653 925 3703 etsi
964 3653 1192 3703 nondum
1230 3653 1380 3703 asciti
1512 3660 1536 3686 ⁸
1572 3651 1691 3700 Nisi
1710 3652 1904 3713 coepisu
1935 3653 1985 3700 et
2007 3649 2219 3713 patrem]
2254 3650 2370 3701 Nisi
2401 3650 2519 3701 nub-

313 3735 437 3778 snnt
460 3730 511 3777 in
535 3730 786 3780 Caesares.
1453 3729 1557 3778 iret
1579 3729 1630 3795 in
1655 3735 1880 3777 mentem
1904 3728 2015 3775 haec
2050 3724 2209 3775 fuisse
2237 3728 2316 3775 sui
2354 3730 2519 3791 patris

379 3811 402 3838 ⁶
441 3805 549 3854 Nec
581 3804 981 3872 Lacedaemoniis]
1020 3803 1179 3869 Apud
1216 3804 1383 3855 Lace·
1452 3804 1620 3854 initia.
1680 3800 1799 3858 vel,
1843 3805 1887 3853 si
1925 3817 2020 3865 pro
2062 3808 2249 3866 patrem
2286 3804 2518 3868 legamus

311 3878 600 3931 daemonios
623 3896 801 3945 regum
827 3890 978 3932 erant
1010 3881 1223 3933 familiae
1248 3884 1383 3939 duae,
1450 3887 1658 3971 partem,
1681 3895 1856 3930 sensus
1878 3879 1998 3936 erit,
2028 3878 2128 3928 nisi
2156 3879 2363 3931 veniret
2391 3880 2521 3931 illud

312 3959 480 4008 altera
498 3958 996 4023 Eurysthenidarnrn
1020 3960 1085 4010 ab
1104 3960 1383 4024 Eurysthe·
1455 3959 1507 4008 ἰιι
1531 3966 1776 4013 mentem,
1800 3962 2003 4022 partem
2026 3971 2140 4007 esse
2163 3963 2384 4021 tantum,
2403 3973 2519 4009 cum

311 4049 382 4084 ne
405 4035 518 4098 ejus
542 4042 778 4095 auctore,
805 4035 973 4086 altera
1004 4035 1385 4093 Proclidarnm,
1455 4037 1571 4100 quis
1596 4038 1671 4085 ita
1695 4035 1900 4098 incipit.

314 4114 349 4160 a
374 4113 565 4162 Procle
588 4129 602 4163 ε
639 4115 807 4163 ambae
832 4114 897 4177 'ab
932 4106 1187 4164 Hercule:
1224 4127 1385 4177 quare
1519 4110 1543 4144 f
1566 4112 1830 4162 Atat-rituti
1858 4110 2238 4178 [alacritatibus]
2270 4113 2333 4164 Ῑιι
2358 4116 2522 4164 veteri

313 4187 993 4242 Heraclidae-dicebantur.
1057 4191 1159 4242 Sed
1203 4189 1271 4240 de
1306 4190 1383 4240 his
1454 4190 1636 4241 codice
1659 4199 1738 4240 est
1758 4190 2022 4241 alacritati.
2056 4188 2167 4255 Ego
2188 4191 2427 4241 lubenter
2450 4195 2522 4243 le·

312 4279 475 4329 snpra
498 4267 699 4331 Paneg.
725 4281 789 4316 ιι.
811 4283 857 4318 c.
881 4272 930 4319 9.
1457 4268 1618 4337 gerim
1642 4268 1887 4318 alacritati
1908 4268 2024 4329 ejus,
