3084 4959
442 356 614 423 1340
1093 372 1404 423 menam
1455 371 1998 428 PANEGYmcus

529 524 712 590 CAP.
741 538 909 588 xlv.
968 524 1033 588 1.
1063 523 1188 601 Te,
1219 523 1447 608 pater,j
1478 543 1565 589 ex
1592 525 1750 608 ipso
1767 523 2029 612 imperii
2053 522 2298 589 vertice
2320 522 2526 610 decet
2546 543 2655 589 or·

441 630 599 696 bem
640 627 1034 710 prospicere
1076 645 1524 706 communem,
1559 625 1964 710 coelestique
1995 632 2159 691 nutu
2191 627 2393 690 rebus
2422 626 2656 692 huma·

443 732 548 794 nis
597 729 742 794 fata
789 728 1172 806 decernere,
1218 728 1526 812 auspicia
1572 729 1771 793 bellis
1813 729 2119 811 gerendis
2162 728 2342 806 dare,
2373 748 2651 812 compo-

444 832 688 896 nendis
735 825 1073 914 pacibusk
1117 831 1302 912 leges
1337 831 1726 913 imponere:
1777 839 1867 908 te,
1901 831 2202 915 juveniS,
2233 830 2652 898 indefessum

443 937 538 998 ire
566 954 684 1017 per
713 932 992 1025 limites,
1030 953 1167 1018 qna
1199 932 1583 997 Romanum
1620 932 1927 996 barbaris
1956 934 2264 1016 gentibus
2293 934 2499 996 instat
2530 933 2650 995 im·

443 1039 756 1120 perium,‘
810 1035 1191 1120 frequentes
1222 1035 1310 1100 ad
1342 1053 1649 1099 socerum
1673 1035 2101 1100 victoriarum
2138 1034 2405 1098 laureas
2437 1035 2656 1099 mitte-

443 1159 537 1215 re,
560 1145 907 1223 praecepta
937 1145 1185 1221 petere,
1209 1136 1456 1202 effecta
1478 1138 1863 1200 rescribere.
1927 1136 1993 1200 2.
2028 1134 2137 1200 Ita
2168 1137 2458 1214 eveniet,
2490 1142 2659 1200 utet

443 1243 649 1329 ambo
699 1242 1058 1307 consilinm
1107 1241 1410 1323 pectoris
1458 1239 1658 1303 unius
1697 1238 2029 1317 habeatiS,
2068 1245 2138 1301 et
2173 1244 2453 1327 uterque
2480 1238 2658 1304 vires

444 1343 750 1407 duorum.
837 1344 902 1407 3.
952 1342 1012 1408 Ο
1037 1342 1207 1406 felix
1237 1342 1305 1405 in
1335 1340 1645 1426 imperio,
1685 1347 1756 1405 et
1787 1350 1947 1423 post
1975 1340 2332 1422 imperium
2363 1340 2654 1420 felicior,

444 1445 675 1528 (audis
714 1447 890 1510 enim
923 1445 1221 1529 profecto
1258 1444 1433 1522 haec,
1468 1451 1539 1507 et
1581 1441 1803 1527 vides)
1833 1443 2012 1508 Dive
2037 1442 2421 1519 Constanti,
2450 1462 2659 1526 quem
2743 1461 2749 1466 ·

447 1567 643 1612 curru
673 1567 869 1631 paene
900 1543 1317 1630 conspicuo,¹
1364 1547 1526 1610 dum
1558 1547 1821 1611 vicinos
1855 1552 2044 1610 ortus
2086 1546 2339 1629 repetit
2379 1564 2656 1623 occasu,

445 1650 545 1712 sol
575 1651 728 1732 ipse
757 1650 1138 1714 invecturus
1163 1648 1342 1713 coelo
1375 1649 1685 1730 excepit!
1772 1649 1839 1711 4.
1887 1647 2160 1726 Quanto
2195 1667 2373 1711 nunc
2404 1646 2653 1729 gaudio

442 1751 706 1834 potiriS‚
735 1759 995 1833 quanta
1017 1750 1375 1832 voluptate
1409 1750 1791 1833 perfrueriS,
1824 1770 1973 1814 cum
2000 1752 2199 1815 talem
2232 1750 2408 1814 hunc
2444 1750 2659 1814 filium

448 1856 661 1929 tuum,
693 1853 811 1936 qui
840 1860 907 1916 te
940 1853 1197 1934 primus
1231 1859 1493 1934 patrem
1528 1853 1713 1929 fecit,
1745 1854 1813 1916 in
1844 1853 2105 1935 imperii
2139 1850 2234 1916 tui
2275 1852 2661 1934 possessio-

446 1972 598 2016 nem
638 1952 817 2017 idem
858 1960 1112 2035 pater,¹¹¹
1165 1953 1337 2016 idem
1380 1971 1603 2031 socer,
1634 1954 1810 2017 idem
1848 1953 2227 2037 Imperator
2271 1953 2652 2018 induxerit!

446 2056 511 2138 5.
570 2056 750 2120 Haec
793 2053 898 2120 est
934 2060 1048 2119 tua
1074 2060 1311 2138 praeter
1340 2074 1575 2119 omnes
1602 2055 1819 2152 Divos
1849 2057 2126 2139 propria
2157 2056 2656 2144 immortalitas,

507 2214 534 2249 τ
568 2206 629 2254 In
650 2220 752 2256 eam
773 2205 960 2270 imperii
986 2205 1188 2256 Romani
1204 2210 1392 2268 partem
1412 2220 1519 2269 quoe
1542 2204 1760 2256 barbaris
1778 2206 2000 2270 gentibus
2016 2206 2238 2270 proxima
2259 2210 2346 2255 est.

1363 2331 1728 2354 muuoueae

456 2433 461 2440 ⁴
515 2417 653 2466 Car».
676 2429 798 2465 xm.
857 2421 884 2466 1
921 2417 1096 2467 Moerl.
1126 2418 1268 2466 rebus
1298 2418 1539 2479 gerendis.
1604 2416 1743 2468 Edd.
1781 2422 1911 2466 vett.
1942 2423 1998 2466 et
2040 2415 2210 2464 Rivin.
2242 2431 2332 2479 quo
2357 2416 2659 2473 Romanum,-

447 2482 571 2530 Vet.
609 2481 833 2530 Putean.
855 2482 976 2531 Vet.
1003 2482 1169 2530 Livin.
1189 2484 1396 2532 Bertin.
1419 2484 1635 2546 Cuspin.
1659 2483 1886 2545 Guelph.
1910 2482 2070 2532 Grut.
2092 2490 2148 2529 et
2186 2490 2411 2531 recentt.
2445 2497 2537 2544 qna
2559 2483 2661 2532 Roe

447 2561 639 2595 manum
651 2561 671 2604 ‚·
705 2553 759 2596 et
783 2547 858 2595 sic
881 2545 1022 2609 conj.
1046 2547 1250 2598 Acidal.
1274 2550 1337 2598 nd
1353 2563 1565 2598 socerum
1585 2550 1772 2597 laureas
1796 2547 1916 2596 edd.
1941 2554 2074 2596 vett.
2094 2546 2405 2596 victoriarum
2426 2545 2662 2595 inserunt

446 2613 571 2660 Vet.
595 2612 823 2661 Putean.
843 2613 1021 2661 Moerl.
1043 2613 1185 2662 Gud.
1208 2620 1263 2661 et
1287 2613 1407 2663 edd.
1436 2622 1660 2663 recentt.
1695 2613 1947 2662 victoriam
1967 2612 2174 2661 Ber-tin.
2197 2610 2337 2660 unde
2361 2611 2566 2660 Medius
2604 2620 2659 2660 et

448 2677 671 2725 Ritters.
693 2678 830 2741 conj.
861 2676 1286 2727 victoriarum—2
1319 2677 1515 2742 Jaeger.
1548 2684 1604 2728 ut
1633 2678 1782 2728 ambo.
1839 2677 2065 2740 Guelph.
2100 2681 2154 2725 ut
2184 2680 2497 2739 aurona—3
2533 2676 2660 2726 Dive

451 2741 763 2791 Constantine
795 2741 964 2790 Livin.
1005 2742 1134 2791 Dive
1159 2744 1411 2792 Constanti
1430 2744 1559 2794 Vet.
1595 2743 1763 2792 Livin.
1792 2742 2007 2804 Cuspin.
2030 2740 2237 2791 Bertin.
2268 2742 2522 2804 probante
2547 2742 2663 2790 Rit-

446 2817 578 2855 ters.
610 2807 627 2835 ‘
649 2811 707 2854 ut
727 2806 859 2855 vides
880 2805 1106 2869 Guelph.
1132 2808 1305 2856 male.'
1334 2810 1511 2858 Arntz.
1573 2822 1719 2856 curru
1748 2811 1798 2856 et
1828 2822 1946 2869 pene
1970 2807 2205 2857 Patarol.
2229 2815 2284 2856 et
2307 2805 2427 2855 edd.
2453 2813 2581 2855 vett.
2602 2805 2662 2854 τὸ

445 2877 493 2921 et
516 2871 757 2933 ignorant
780 2870 1007 2934 Guelph.
1032 2878 1089 2920 et
1110 2872 1232 2921 Vet.
1254 2873 1479 2922 Putean.
1503 2871 1657 2922 deest
1679 2876 1833 2921 etiam
1866 2873 1919 2920 in
1950 2871 2035 2920 ed·
2058 2873 2229 2920 Bann-
2251 2878 2310 2920 et
2333 2879 2558 2921 recentt.
2589 2872 2662 2919 vi·

445 2936 551 2985 cino
585 2941 720 2986 ortus
755 2937 889 2986 Exc.
930 2935 1321 2987 Selinuntium—4
1353 2936 1561 2988 Acidal.
1585 2937 1721 3001 conj.
1756 2937 1835 3000 qni
1866 2941 1916 2985 te
1945 2937 2103 2998 prius.
2173 2937 2339 2985 Livin.
2368 2936 2551 2999 primus
2574 2951 2661 2998 pa·

450 3006 608 3050 eruum
628 3001 854 3064 imper-1⁸2⁶,-
888 3002 1002 3049 aliae
1035 2999 1154 3052 edd.
1185 3008 1306 3058 ante
1336 3002 1492 3053 Grut.
1520 3002 1705 3065 primns
1737 3007 1918 3064 patrem
1947 3001 2255 3063 in.imperii;
2290 3002 2415 3050 Vet.
2438 3001 2663 3049 Putean.

448 3066 572 3116 vet.
608 3066 776 3115 Livin·
814 3067 1019 3116 Bertiu.
1055 3068 1182 3116 Exc.
1218 3067 1383 3131 Lang.
1422 3068 1647 3128 Guelph.
1673 3067 1884 3130 Cuspin.
1922 3065 2079 3115 Grut.
2104 3075 2159 3115 et
2184 3073 2407 3115 recentt.
2431 3067 2664 3114 inserunt

408 3128 584 3195 ’secia
619 3131 874 3195 probante
914 3132 1096 3182 Arntz.
1135 3131 1365 3197 Guelph.
1399 3133 1590 3197 imperi-i
1627 3135 1682 3182 in
1712 3130 2066 3195 possessionem,
2106 3131 2297 3180 omissa
2335 3144 2461 3180 voce
2500 3129 2660 3180 tui.—

1439 3268 1490 3318 N
1496 3268 1666 3320 OTAE

515 3382 534 3427 ³
567 3382 743 3447 Pater]
787 3383 1082 3447 Compellat
1123 3383 1517 3433 Maximianum.
1598 3390 1697 3447 tus,
1718 3385 1800 3446 ᾄο.
1866 3384 2060 3433 Sensus
2084 3396 2207 3432 vero
2232 3369 2347 3432 est:
2382 3382 2551 3433 Quem
2585 3387 2664 3436 sol

452 3461 582 3511 Mox
619 3465 669 3510 te
691 3459 903 3520 juvenis,
932 3460 1216 3510 orationem
1256 3461 1519 3530 convertit
1596 3461 1711 3523 ipse
1733 3460 1976 3511 occidens
2000 3467 2055 3511 et
2079 3474 2359 3523 properans
2375 3459 2438 3507 ad
2465 3459 2662 3511 vicinos

451 3536 518 3587 ad
539 3536 960 3586 Constantinum.
1597 3543 1765 3593 ortus,
1798 3552 1954 3587 curru
1998 3551 2090 3585 suo
2132 3537 2342 3599 excepit
2383 3537 2434 3585 in
2474 3539 2661 3589 coelu'm

515 3612 542 3648 ¹¹
580 3613 924 3676 Componendis
939 3611 1154 3675 pacibus]
1190 3613 1306 3662 Vox
1329 3612 1514 3677 priscis
1598 3612 2101 3676 evehendum,quasi
2118 3613 2390 3662 occidente
2408 3614 2664 3665 Constan-

453 3691 607 3741 bonae
665 3689 968 3739 Latinitatis
1024 3688 1360 3753 temporibus,
1425 3695 1517 3742 aut
1598 3690 1689 3750 tio,
1715 3689 2090 3740 Constantinus
2126 3689 2226 3738 toti
2261 3696 2518 3740 terrarum
2545 3689 2664 3740 orbi

455 3781 714 3830 nunquam
751 3774 841 3814 aut
867 3778 984 3817 raro
1009 3765 1060 3814 in
1092 3766 1278 3828 plurali
1302 3780 1516 3815 numero
1598 3775 1742 3817 ortus
1767 3773 1926 3816 esset.
1992 3766 2196 3815 Alludit
2231 3774 2403 3815 autem
2427 3766 2491 3814 ad
2518 3781 2661 3820 num-

455 3848 737 3905 nsurpata3
773 3840 862 3889 sed
899 3841 947 3888 in
986 3839 1101 3903 ejus
1127 3841 1224 3889 oevi
1248 3840 1512 3905 scriptori·
1597 3858 1755 3899 mum,
1794 3842 1941 3905 cnjus
1990 3842 2040 3890 in
2086 3847 2295 3905 postera
2335 3850 2487 3905 parte
2530 3842 2663 3893 Con·

455 3920 552 3970 bus
571 3918 756 3967 similia
776 3915 1019 3966 nonnulla
1036 3917 1320 3967 identidem
1336 3932 1516 3967 occur·
1602 3921 1826 3968 stantius
1842 3931 1995 3967 curru
2012 3917 2268 3980 invectus,
2285 3917 2494 3968 sinistra
2509 3933 2666 3984 manu

453 4003 594 4056 runt,
617 4001 674 4043 ut
696 4008 854 4058 supra
875 3992 1168 4044 observavi.
1602 4002 1824 4059 quatuor
1850 4007 2011 4059 equos
2047 4007 2253 4055 regens,
2283 3995 2521 4044 dextram
2555 4010 2662 4046 ma·

524 4071 537 4105 ¹
572 4072 734 4121 Curru
764 4084 899 4131 paene
930 4069 1200 4133 conspicuo]
1242 4069 1328 4119 Ita
1364 4071 1516 4122 resti·
1602 4072 1710 4133 nui,
1754 4086 1869 4135 qum
1915 4071 2049 4121 coelo
2096 4070 2505 4134 extendebatur,
2540 4071 2665 4134 juu-

459 4140 680 4197 tuendus
725 4143 829 4193 fuit
872 4159 938 4194 ex
982 4147 1150 4194 veteri
1197 4146 1379 4196 codice
1420 4161 1516 4210 pro
1602 4163 1745 4214 gens.
2075 4205 2080 4212 ,
2187 4199 2194 4208 .

455 4238 599 4275 curru
618 4226 666 4272 et
684 4235 821 4285 poene
841 4220 1104 4286 conspicuo,
1126 4223 1239 4271 dum
1263 4222 1419 4273 vicino
1438 4237 1514 4272 or·
1611 4277 1616 4282 ,
1666 4233 1717 4274 ¹¹¹.
1737 4223 1871 4275 Idem
1890 4222 2052 4288 pater]
2085 4222 2456 4274 Maximianus.
