3084 4959
847 708 854 714 ’
927 738 1914 920 PANEGYRICUS
2012 792 2197 931 1x.

1046 1390 1050 1394 ,
1200 1278 1357 1385 ‘DE‘
1399 1289 1870 1372 AUCTORE,

887 1477 1007 1543 ET
1052 1476 1253 1558 Quo
1302 1451 1554 1544 Loco
1603 1478 1728 1545 Ac
1773 1480 2246 1547 TEMPORE

1165 1662 1757 1716 PRONUNTIATUS
1813 1666 1944 1716 SIT.

1316 1936 1424 2000 [Ex
1448 1938 1546 1988 Ed.
1570 1936 1783 2003 Deiph.]

533 2235 843 2300 HA131TA
874 2238 978 2300 est
1002 2234 1154 2299 haec
1188 2233 1401 2300 oratio
1433 2253 1612 2300 anno
1645 2232 1893 2299 Christi
1926 2234 2082 2300 313.
2126 2239 2287 2319 post
2317 2233 2657 2302 Maxentii

447 2336 735 2416 cladem,
765 2357 993 2405 mense
1023 2336 1267 2420 opinor
1295 2337 1657 2412 Januario,
1686 2336 2020 2416 TreveriS,
2061 2350 2423 2423 antequam
2470 2337 2655 2403 Gon-

449 2439 785 2505 stantinus
832 2439 992 2503 inde
1031 2440 1118 2505 ad
1168 2439 1515 2522 pacandos
1560 2438 1941 2506 Germaniae
1975 2443 2302 2506 tumultus
2347 2440 2655 2506 discede-

444 2546 566 2603 ret.
654 2539 915 2607 Auctor
936 2544 1248 2608 incertus.
1325 2541 1584 2605 Tamen
1604 2540 1968 2607 Puteanus
1996 2541 2175 2607 hunc
2208 2542 2508 2609 Nazario
2540 2544 2651 2607 tri-

337 2658 343 2662 ·
441 2642 620 2707 buit:
673 2646 695 2677 ‘
717 2643 963 2723 Quod,'
1005 2645 1248 2729 inquit,
1294 2648 1315 2678 ‘
1339 2644 1634 2728 conjicio
1665 2664 1758 2710 ex
1789 2646 1995 2730 stylo,
2024 2652 2095 2711 et
2128 2664 2220 2710 ex
2244 2644 2403 2710 loco
2437 2645 2652 2710 Pane·

442 2744 649 2828 gyrici
683 2745 963 2811 Nazarii
995 2745 1428 2811 Constantino
1450 2745 1619 2811 dicti
1647 2747 1768 2831 qui
1798 2748 1896 2811 sic
1923 2746 2194 2831 incipit:
2237 2750 2257 2781 ‘
2283 2745 2351 2811 N
2358 2766 2444 2810 on
2471 2766 2650 2812 com-

442 2847 876 2923 memorabo,'
921 2849 1158 2933 inquit,
1206 2852 1227 2882 ‘
1253 2848 1363 2913 hic
1414 2853 1634 2914 tectas
1675 2849 2006 2914 continuis
2054 2836 2394 2932 stragibus
2439 2850 2651 2933 ripaS,

440 2954 575 3012 non
623 2951 973 3034 oppletum
1019 2950 1285 3016 acervis
1331 2970 1689 3037 corporum
1715 2949 2055 3016 Tiberim:
2098 2951 2454 3034 perstringi
2497 2950 2647 3017 haec

440 3051 613 3116 satis
632 3060 766 3128 est,
787 3052 965 3135 quod
992 3059 1058 3116 et
1086 3050 1302 3136 pridie
1331 3052 1671 3137 prolixius
1703 3051 1862 3116 mihi
1894 3052 2080 3117 dicta
2111 3050 2312 3116 sunt!
2373 3052 2648 3135 Nempe

440 3153 509 3216 in
539 3153 670 3227 hac
700 3156 856 3238 ipsa
886 3155 1239 3232 Oratione,
1269 3174 1408 3240 qua
1454 3155 1677 3219 fusius
1709 3155 2122 3220 describitur
2150 3155 2480 3237 praelium,
2509 3174 2648 3237 quo

445 3255 842 3323 Maxentius
890 3257 1269 3322 debellatus
1311 3263 1414 3322 est
1444 3278 1487 3322 a
1531 3258 2024 3325 Constantino:
2071 3258 2317 3323 deinde
2351 3278 2440 3322 ex
2472 3258 2649 3322 ordi-

436 3377 548 3437 ne,
581 3377 718 3441 quo
747 3378 979 3423 omnes
1009 3361 1225 3433 nostri
1259 3359 1658 3444 Panegyrici
1682 3360 2182 3426 constituuntur
2209 3362 2274 3426 in
2305 3360 2644 3426 veteribus

438 3460 668 3525 libris:
715 3459 1072 3544 subjicitur
1105 3462 1280 3526 enim
1321 3461 1479 3526 huic
1506 3462 1958 3548 Panegyricus
1989 3461 2295 3543 Nazarii,
2326 3462 2444 3548 qui
2472 3462 2644 3528 iuci-

438 3564 567 3649 pit,
600 3561 968 3629 ‘Dicturus
998 3561 1495 3642 Constantini,''
1536 3565 1658 3630 διο.
