3084 4959
513 371 686 437 1146
1521 387 1706 436 νιτᾼ

510 533 672 615 grim
715 550 934 616 usque
980 531 1268 598 extensi.
1358 530 1468 596 lta
1507 530 1792 616 Eutrop.
1878 529 2351 598 Diocletianus
2379 530 2698 601 Nicome-

512 635 690 700 diam
722 645 790 701 et
818 635 1284 701 Maximianus
1312 636 1381 699 iu
1411 634 1675 701 Gallias
1705 641 2134 702 revertuntur.

596 801 690 869 A.
715 804 806 870 U.
836 802 916 868 C.
971 819 1133 868 Mul.
1221 801 1376 869 Chr.
1427 819 1797 869 ccxcvm.
1886 803 2179 868 Dioclet.
2242 802 2418 887 Imp.
2479 819 2608 868 xv.

757 907 970 973 AEtat.
1000 923 1067 971 1..
1135 904 1427 973 Maxim.
1456 906 1633 991 Imp.
1666 924 1833 972 x1V.
1908 906 2120 971 AEtat.
2155 922 2438 971 xnvnl.

599 1023 1070 1108 Imperatores,
1088 1022 1377 1090 devictis
1407 1023 1672 1088 tandem
1700 1025 1964 1090 cunctis
1994 1025 2318 1103 hostibus,
2344 1033 2415 1090 et
2443 1033 2697 1112 pacato

512 1127 674 1191 orbe
703 1135 1045 1205 terrarum,
1076 1126 1361 1191 Romam
1393 1129 1698 1210 regressi,
1737 1129 2013 1193 dilatum
2058 1128 2387 1196 hactenus
2432 1132 2700 1215 propter

510 1233 697 1296 varia
725 1230 974 1315 quibus
1003 1230 1534 1313 impediebantur
1563 1231 1736 1295 bella
1766 1231 2172 1314 triumphurn
2203 1239 2406 1315 agunt
2442 1234 2701 1316 ingenti

510 1333 909 1399 ferculorum
953 1352 1227 1416 pompa,
1293 1332 1834 1398 antecedentibus
1889 1355 2173 1414 currum,
2235 1334 2300 1399 N
2307 1337 2480 1400 arsei
2537 1357 2696 1402 con-

500 1437 687 1521 juge,
717 1435 1355 1516 sororibu8,1iberi8,
1386 1440 1454 1500 et
1481 1438 1792 1501 omnibus
1822 1437 2215 1504 Parthorum
2245 1439 2500 1522 spoliis·

593 1628 682 1695 A.
705 1629 795 1697 U.
820 1631 901 1697 C.
949 1648 1145 1698 Mun.
1236 1630 1391 1696 Chr.
1452 1648 1765 1696 ccxcix,
1854 1631 2145 1697 Dioclet.
2205 1631 2383 1717 Imp.
2446 1646 2611 1695 xv1.

797 1735 1002 1801 AEtat.
1038 1751 1135 1799 m.
1208 1734 1499 1802 Maxim.
1527 1734 1707 1820 Imp.
1742 1752 1877 1802 XV.
1950 1736 2157 1802 AEtat.
2189 1751 2413 1799 xmx.

597 1853 1031 1920 Diocletiano
1092 1870 1230 1921 vn.
1287 1862 1359 1920 et
1415 1855 1840 1920 Maximiano
1898 1872 2000 1920 vl.
2092 1837 2287 1921 Coss.
2340 1855 2505 1919 victi
2547 1859 2701 1918 sunt

508 1955 1003 2022 Marcomanni.
1092 1956 1254 2023 Vid.
1303 1957 1488 2023 Idat.
1595 1958 1900 2024 Thermas
1954 1957 2195 2030 Romae
2248 1957 2699 2022 Diocletianae

508 2061 726 2138 factae,
775 2068 847 2124 'et
885 2059 1331 2126 Maximianae
1365 2060 1789 2144 Carthagine.
1879 2059 2040 2126 Vid.
2070 2059 2322 2125 Euseb.
2352 2059 2420 2123 in
2452 2059 2698 2125 Chron.

508 2162 768 2228 Auson.
793 2164 871 2239 ,in
902 2164 1192 2229 carmine
1221 2162 1305 2230 de
1331 2163 1553 2229 Claris
1582 2162 1905 2229 Urbibus,
1998 2163 2315 2246 Scaliger.
2346 2162 2412 2226 in
2443 2161 2694 2227 Euseb.

509 2286 597 2330 ex
648 2267 850 2333 veteri
899 2265 1151 2350 lapide.
1242 2265 1429 2330 Idem
1471 2265 1942 2331 Maximianus
1978 2267 2305 2351 palatium
2337 2264 2700 2350 Aquileiae,

508 2377 574 2434 et
605 2369 1163 2453 amphitheatrum
1193 2366 1482 2434 Veronae
1511 2370 1786 2435 extruit.

593 2536 680 2600 A.
707 2535 895 2602 U.C.
962 2553 1145 2601 th.
1262 2534 1416 2600 Chr.
1489 2553 1709 2603 cocu.
1843 2536 2140 2603 Dioclet.
2199 2535 2378 2621 Imp.
2440 2552 2611 2599 xlx.

747 2641 966 2707 AEtat.
999 2657 1156 2704 LIV.
1244 2639 1534 2704 Maxim.
1568 2639 1741 2725 Imp.
1776 2657 2008 2705 xvru.
2083 2641 2291 2705 AEtat.
2327 2656 2457 2703 nn.

595 2760 1017 2839 Gravissima
1067 2761 1455 2844 persecutio
1500 2762 1575 2825 in
1621 2761 2037 2828 Christianos
2089 2768 2316 2846 coepta
2362 2767 2495 2847 εει,
2540 2778 2697 2844 quae

508 2863 768 2929 dec-ima
794 2864 937 2930 suit.
1177 2866 1188 2877 ⁹

482 3027 486 3031 ·
594 3017 680 3081 A.
722 3017 811 3082 U.
853 3015 935 3081 C.
989 3029 1203 3080 sum.
1302 3010 1456 3078 Chr.
1508 3029 1765 3079 occur.
1876 3014 2170 3079 Dioclet.
2232 3013 2405 3098 Imp.
2468 3031 2609 3079 xx.

783 3120 995 3186 AEtat.
1025 3135 1146 3184 mr.
1219 3115 1505 3183 Maxim.
1536 3115 1712 3203 Imp.
1748 3133 1928 3184 mx.
2003 3118 2215 3183 AEtat.
2253 3134 2417 3182 mu.

593 3238 1063 3304 Diocletianus
1108 3253 1275 3302 vm.
1317 3242 1387 3302 et
1428 3236 1888 3304 Maximianus
1942 3254 2075 3302 vn.
2115 3235 2531 3302 consulatum
2587 3258 2697 3321 ge-

505 3348 674 3406 runt.

588 3491 678 3558 A.
711 3493 803 3558 U.
845 3490 924 3556 C.
974 3507 1223 3556 Μινιι.
1316 3489 1467 3555 Chr.
1524 3507 1764 3555 ccclv,
1864 3492 2156 3558 Dioclet.
2210 3493 2387 3578 Imp.
2435 3511 2609 3559 xxr.

787 3597 1006 3661 AEtat.
1042 3610 1191 3658 nvr.
1267 3593 1557 3658 Maxim.
1592 3593 1767 3679 Imp.
1805 3611 1946 3659 XX.
2013 3596 2227 3661 AEtat.
2264 3614 2418 3660 mv.

589 3714 1101 3782 Constantinum
1132 3733 1403 3797 quoque
1438 3711 1775 3778 Caesarem
1817 3713 2068 3779 factum
2115 3734 2264 3780 esse
2310 3705 2696 3782 additVic-

507 3821 672 3884 toris
708 3818 1047 3903 Epitome,
1076 3816 1255 3882 haud
1303 3815 1503 3881 dubie
1544 3836 1589 3881 a
1635 3815 2039 3883 Constantio
2082 3824 2297 3902 patre.
2385 3818 2700 3885 Galerius

507 3922 1012 3988 Constantinum
1042 3921 1300 4003 absque
1347 3920 1738 4005 suspicione
1777 3921 2196 3987 crudelitatis
2220 3942 2259 3986 e
2286 3923 2512 4006 medio
2544 3924 2698 3987 sub·

505 4026 710 4091 latum
743 4023 1086 4100 volen3‚in
1118 4022 1548 4106 expeditione
1576 4022 1902 4087 adversus
1923 4023 2269 4089 Sarmatas
2291 4025 2496 4089 variis
2530 4027 2700 4108 peri·

506 4127 682 4192 culis
733 4125 1013 4209 objecit,
1067 4129 1143 4188 ut
1191 4143 1277 4189 ex
1324 4123 1595 4190 Valesii
1648 4123 2007 4209 Anonymo
2053 4126 2268 4192 fusius
2321 4127 2580 4193 dicetur
2630 4128 2695 4194 in

504 4229 919 4295 Constantini
974 4226 1128 4293 vita.
1160 4259 1185 4268 ·—
1219 4226 1497 4293 Interim
1541 4229 1636 4294 ita
1674 4228 2139 4296 Constantium
2182 4232 2356 4295 inter
2395 4236 2464 4296 et
2495 4231 2697 4295 Gale-
