3084 4959
468 365 640 434 1244
1230 382 1563 433 nonnuli
1611 382 1897 432 onrrlo

467 534 843 611 naturaque
875 545 1132 604 vocem,
1163 526 1481 607 coelestia
1524 534 1750 592 tamen
1792 527 2022 604 verba,
2064 530 2135 590 et
2177 526 2408 592 divina
2457 545 2656 593 sensa

467 629 858 714 Principum
895 628 1348 712 prolocutum,
1383 630 1470 694 ab
1514 631 1778 695 arcanis
1823 647 2160 695 sacrorum
2200 631 2657 713 ‘penetralium‘

466 734 552 798 ad
581 734 847 817 privata
876 731 1234 797 Musarum
1264 732 1470 815 adyta
1500 734 1945 813 transtulerit3
1988 734 2050 798 3.
2084 752 2213 796 non
2235 735 2464 817 utique
2497 734 2661 817 quia·

464 836 653 914 mihi,
702 855 901 919 quem
945 833 1156 920 (quod
1204 836 1347 900 sine
1396 836 1655 901 invidia
1694 833 2009 920 dixerim)
2040 844 2223 901 tanta
2266 824 2651 918 dignatione

464 939 763 1021 respicit,
792 945 1045 1022 quanta
1072 956 1195 1021 pro
1234 938 1513 1004 summis
1554 938 1919 1004 honoribus
1961 937 2172 1003 debet-
2202 939 2509 1003 sufficere.
2545 959 2652 1004 saa

462 1041 699 1124 pienti,
727 1041 937 1105 vellet
964 1040 1246 1125 aliquid,
1274 1041 1597 1125 imposita
1635 1043 1771 1106 ista
1800 1042 2236 1127 professione,
2268 1042 2652 1123 detrahere;

464 1143 584 1209 sed
614 1150 689 1208 ut
732 1142 1139 1226 professioni
1168 1142 1325 1229 ipsi,
1356 1163 1444 1209 ex
1482 1162 1564 1208 eo
1607 1143 1880 1219 honore,
1911 1165 2105 1229 quem
2145 1146 2347 1227 gessi,
2378 1144 2654 1209 adderet

464 1245 874 1329 dignitatem.
915 1247 983 1310 4.
1018 1243 1147 1309 Cui
1178 1247 1379 1327 igitur
1409 1250 1515 1311 est
1544 1245 1844 1325 dubium,
1876 1250 2032 1334 quin
2057 1249 2284 1329 divina
2315 1248 2431 1312 illa
2459 1266 2651 1312 mens

465 1345 780 1422 Caesaris,
841 1367 990 1432 quae
1040 1353 1226 1413 tanto
1271 1346 1499 1414 studio
1553 1357 2034 1433 praeceptorem
2080 1352 2239 1417 huic
2293 1353 2651 1416 conventui

453 1449 830 1533 juventutis
861 1450 1088 1533 elegit,
1134 1452 1337 1517 etiam
1381 1452 1606 1519 locum
1649 1454 1993 1520 exercitiis
2036 1454 2220 1519 illius
2267 1453 2648 1519 dedicatum

465 1553 838 1630 instaurari,
867 1560 1071 1643 atque
1103 1555 1417 1620 exornari
1449 1555 1634 1633 velit,
1665 1576 1819 1621 cum
1850 1575 2080 1620 omnes
2109 1559 2651 1621 omnium'rerum*

464 1662 833 1721 sectatores
886 1661 1088 1741 atque
1138 1657 1436 1724 fautores
1481 1677 1718 1742 parum
1770 1678 1847 1723 se
1904 1659 2296 1724 satisfacere
2347 1667 2530 1738 voto,
2582 1667 2651 1723 et

462 1759 890 1824 conscientiae
923 1779 1067 1825 suae
1098 1761 1395 1836 credant,
1428 1762 1488 1826 si
1519 1781 1654 1826 non
1697 1762 2021 1844 ipsarum,
2065 1781 2241 1846 quas
2292 1768 2645 1845 appetunt,
2746 1764 2765 1787 ’

462 1859 857 1944 gloriarum¹
886 1863 1141 1947 templa
1168 1865 1581 1931 constituant
1599 1865 1629 1927 'i

1368 2032 1734 2054 ONMOO‘OO

462 2150 577 2198 ego,
600 2146 652 2185 et
678 2136 901 2186 immissa
923 2138 1103 2188 vocula
1122 2138 1219 2201 qui,
1242 2145 1399 2209 atqpe
1422 2140 1590 2190 altera
1619 2146 1673 2190 ut
1703 2144 1981 2204 expuncta,
2006 2139 2169 2187 locum
2191 2135 2326 2197 hunc
2350 2150 2551 2185 omnem
2574 2135 2650 2186 sie

462 2203 759 2261 rescribam,
776 2207 823 2252 et
842 2202 923 2264 qui
939 2204 1025 2252 hoe
1043 2203 1136 2267 ipsi
1153 2205 1249 2266 pul.
1277 2220 1385 2268 par·
1406 2206 1482 2254 sui
1503 2221 1632 2254 mun.
1664 2205 1933 2266 invexerat,
1955 2204 2249 2266 mediocrem,
2270 2205 2352 2266 ᾷτ.
2419 2202 2648 2251 Parentis

458 2267 1105 2397 325530033233222‘32
1121 2267 1958 2387 izsssssffuiss‘ssfxss‘?”affl
1983 2271 2139 2384 ‘¹222
2166 2265 2359 2383 ⁸33?ae
2393 2267 2648 2383 52⁸⁸:35

669 2367 681 2381 ·
1947 2367 1961 2380 ·
2342 2366 2358 2390 s
2413 2364 2427 2379 ⁸
2491 2366 2505 2383 ο
2629 2367 2646 2389 s

459 2399 734 2447 oratoriam
761 2397 1065 2461 professum.
1144 2398 1341 2449 Planus
1364 2401 1496 2464 jam,
1531 2404 1585 2450 ni
1624 2400 1796 2463 fallor,
1831 2411 1885 2451 et
1922 2400 2221 2463 perspicuus
2258 2412 2457 2458 sensus,
2493 2412 2647 2461 quem

459 2462 598 2512 ultra
620 2478 720 2512 non
741 2462 1058 2527 prosequor!
1123 2463 1257 2515 Haec
1279 2466 1556 2516 Livineius.
1623 2467 1900 2522 Invexerut.
1934 2465 2065 2529 quod
2092 2464 2339 2513 asseritur
2363 2463 2429 2512 ab
2451 2478 2535 2523 eo,
2553 2479 2642 2513 ex-

456 2528 602 2579 hibet
636 2529 793 2578 etiam
818 2528 935 2577 cod.
958 2537 1106 2578 vetus
1130 2529 1390 2579 Puteaniss
1420 2533 1609 2595 Joeger.
1674 2531 1690 2559 ‘
1716 2535 1880 2584 Quam
1909 2532 2121 2593 Cuspin.
2155 2529 2305 2578 dedit
2337 2529 2642 2591 lectionem3

458 2595 639 2643 eadem
668 2595 777 2658 jam
802 2593 900 2644 fnit
925 2594 1217 2653 Puteolani,
1248 2596 1482 2661 idemque
1519 2602 1709 2661 praeter
1744 2598 1812 2647 H.
1843 2599 2024 2660 Steph.
2059 2596 2290 2645 exhibuit
2322 2608 2525 2659 quoque
2557 2595 2645 2645 Ri-

456 2662 563 2708 vin.
633 2660 917 2708 Livineium
958 2668 1166 2709 secutus
1204 2669 1284 2710 est
1323 2663 1387 2711 P.
1406 2662 1732 2726 Stephauus3
1765 2662 2052 2712 Balduinus
2092 2676 2212 2710 vero
2237 2659 2419 2717 edidit,
2454 2659 2560 2708 huic
2589 2659 2646 2709 in

455 2725 635 2793 palatio
664 2725 877 2789 parentis
906 2725 983 2774 sui
1023 2739 1189 2774 munus
1220 2725 1500 2786 injunxerit.
1585 2727 1801 2777 Gruteri
1838 2728 2112 2776 lectionem
2158 2726 2417 2786 revocavi,
2459 2732 2644 2787 utpote

395 2838 401 2853 ,
458 2787 609 2839 codd.
634 2791 939 2854 proximam,
962 2795 1010 2839 et
1025 2791 1125 2854 {hoe
1151 2791 1246 2852 ipsi
1272 2792 1453 2854 palutio
1483 2793 1699 2855 parentis
1723 2795 1798 2842 sui
1831 2807 2000 2842 munus
2033 2792 2289 2842 invexerit.
2353 2790 2644 2851 Posterius,
2674 2822 2681 2829 „

497 2869 552 2901 ro
578 2854 790 2904 Gruteri
816 2856 1129 2918 aliorumque
1152 2855 1416 2911 invexerat,
1440 2858 1627 2922 scripsi
1653 2871 1718 2907 ex
1744 2857 1901 2907 codd.
1922 2857 2092 2907 Moerl.
2113 2864 2167 2907 et
2190 2852 2436 2918 Guelph.'
2468 2854 2646 2904 Arnis-

509 2919 592 2968 ide
632 2919 782 2970 Nott.
822 2921 974 2969 Varr.
1058 2919 1206 2979 Mox,
1242 2921 1361 2970 edd.
1402 2930 1524 2973 aute
1566 2923 1719 2973 Grut.
1764 2922 2298 2985 prolocuturam...aa
2328 2919 2644 2983 privatarum.

456 2982 762 3036 Lectionem
784 2981 1010 3036 nostram
1034 2993 1245 3035 servunt
1262 2988 1382 3036 Vet.
1402 2987 1570 3037 Livin.
1588 2987 1814 3049 Guelplt.
1837 2996 1890 3036 et
1912 2987 2033 3036 edd.
2051 2993 2272 3036 recentt.
2305 2985 2465 3035 aditus
2487 2991 2643 3035 trans-

453 3049 621 3099 tulerit
656 3051 1033 3101 Livineius.-8
1067 3050 1313 3102 Nonnulli
1347 3052 1501 3104 codd.
1532 3052 1635 3102 sine
1668 3053 1854 3104 invidia
1886 3052 2109 3109 dixerim,
2145 3051 2328 3100 omisso
2351 3050 2419 3111 τῷ
2439 3049 2643 3112 quod.—

455 3118 488 3164 4
527 3114 621 3164 Cui
639 3116 795 3176 igitur
811 3116 999 3166 dubium
1022 3113 1141 3165 edd.
1165 3126 1286 3167 aute
1309 3117 1493 3168 Arntz.
1543 3119 1640 3168 Cui
1660 3120 1815 3180 igitrw
1834 3124 1905 3166 est
1923 3117 2114 3166 dubium
2131 3118 2255 3165 Vet.
2273 3116 2498 3165 Putean.
2517 3114 2642 3165 Vet-

455 3178 627 3227 Livin.
652 3180 792 3233 Gud.
815 3189 868 3230 et
893 3173 1063 3230 Moerl.
1134 3180 1228 3229 Cui
1254 3184 1411 3244 igitur
1438 3182 1628 3234 dubium
1657 3189 1728 3233 est
1759 3183 1962 3232 Bertin.
2002 3192 2056 3232 et
2094 3182 2168 3230 sic
2202 3181 2369 3230 edidit
2405 3179 2646 3229 Balduin.

453 3245 737 3359 fier-ofrano
772 3245 850 3296 illi
884 3246 934 3296 d.
969 3246 1232 3296 restaurari
1268 3248 1442 3298 Moerl.
1485 3248 1714 3298 exercitio
1752 3247 1979 3313 Guelpb.
2024 3252 2072 3297 et
2120 3245 2416 3296 conscientia
2449 3246 2644 3295 eredunt

517 3323 594 3358 αι·
616 3343 631 3359 .

1442 3417 1655 3469 NOTAE

451 3520 644 3573 nemini
666 3519 849 3585 opinor
881 3534 985 3570 non
1005 3528 1205 3585 notum,
1225 3522 1318 3572 sed
1340 3522 1505 3587 digni·
1587 3523 1765 3574 Caessr
1805 3522 2045 3587 princeps
2080 3520 2373 3585 juventutis
2412 3518 2642 3581 dicitur;

455 3605 616 3649 tatem
649 3604 855 3648 tautum
887 3597 1166 3663 quandam,
1206 3614 1307 3663 qus
1343 3599 1505 3663 impe·
1587 3608 1843 3665 praeterea
1885 3607 1940 3649 et
1977 3599 2117 3664 quod
2161 3599 2477 3662 praecipuam
2516 3596 2642 3657 eduf

452 3682 678 3727 ntorum
701 3674 811 3737 filii,
833 3683 923 3725 aut
944 3688 1118 3726 eorum
1141 3678 1230 3740 qui
1263 3677 1326 3726 ad
1358 3691 1504 3742 spem
1585 3677 1767 3728 csndae
1783 3676 2077 3740 juventutis
2100 3690 2274 3726 curam
2297 3681 2527 3738 gereret.

450 3752 795 3802 educarentur
815 3753 1037 3816 imperii,
1055 3753 1405 3804 adolescentia
1421 3769 1505 3804 co·
1657 3751 1674 3787 ¹
1700 3752 2002 3816 Gloriarum]
2027 3752 2142 3802 Vox
2164 3752 2349 3817 priscis
2370 3750 2516 3800 bonae
2542 3751 2643 3801 La-

450 3829 840 3880 houestabatur.
905 3827 950 3878 Α
986 3832 1116 3882 Caio
1148 3839 1206 3882 et
1239 3833 1399 3882 Lucio
1434 3831 1505 3882 A·
1585 3829 1805 3880 tinitstis
1825 3829 2139 3893 temporibus
2163 3837 2256 3879 aut
2270 3841 2532 3892 uunquam
2550 3836 2643 3879 aut

451 3906 656 3971 grippae
683 3906 822 3971 tiliis,
843 3922 969 3972 quos
988 3906 1254 3973 Augustus
1287 3909 1506 3972 adopta·
1585 3920 1704 3956 raro
1725 3906 1774 3955 in
1805 3910 2018 3955 numero
2053 3904 2393 3954 multitudinis
2428 3918 2642 3968 usurpa·

450 3988 530 4033 tos
559 3983 797 4032 eonsules
830 3984 1144 4047 designarat,
1167 4000 1349 4035 nomen
1373 3985 1497 4035 illud
1584 3991 1670 4044 τις
1702 3982 1791 4031 sed
1827 3981 1964 4047 apud
2004 3981 2309 4046 posterioris
2343 3980 2441 4030 aevi
2476 3982 2641 4045 scrip·

450 4058 519 4111 ud
537 4057 663 4107 alios
683 4058 984 4109 translatum
1007 4065 1106 4108 est.
1156 4060 1242 4110 Sic
1263 4060 1500 4110 Tiberius
1579 4066 1720 4106 tores
1758 4057 1893 4107 haud
1930 4056 2230 4125 infrequens
2265 4057 2339 4108 sic
2374 4062 2390 4087 ⁶
2416 4056 2644 4119 glorias:

449 4130 689 4196 Angusto
734 4132 957 4196 vivente,
997 4134 1072 4185 sic
1125 4136 1361 4186 sexcenti
1413 4136 1501 4185 alii
1579 4142 1596 4166 ‘
1621 4133 1870 4200 pacibus?
1904 4132 2165 4197 ‘spebus,’
2201 4136 2301 4186 dre.
2340 4133 2482 4199 legas
2521 4148 2639 4198 pss-

450 4209 685 4259 Caessres
719 4207 851 4259 dicti
881 4217 997 4260 sunt
1032 4218 1086 4261 et
1124 4211 1389 4275 principes
1411 4211 1500 4275 ju·
1581 4213 1674 4269 sim
1699 4211 1752 4262 in
1772 4210 2129 4275 Panegyricis.

450 4284 700 4338 ventutis.
784 4284 903 4337 Hoc
959 4301 1113 4339 seusu
1164 4287 1500 4340 Constantius
1583 4342 1588 4348 ,
1614 4344 1620 4349 ,
