3084 4959
914 709 1903 805 PANEGYRICUS
2006 715 2137 802 V.

1121 1290 1249 1403 V
1367 1292 1444 1407 Ι
1562 1290 1675 1407 Τ
1792 1293 1918 1408 Α

420 1560 657 1707 η.Ι
694 1560 1017 1651 VAL.
1099 1564 1945 1657 CONSTANTII
2050 1558 2629 1652 CHLORI.

718 2766 808 2835 A.
844 2769 933 2840 U.
969 2767 1048 2833 C.
1085 2784 1266 2832 Mur.
1300 2765 1553 2831 Christi
1586 2782 1750 2831 cor..
1781 2766 1985 2831 Decii
2019 2765 2196 2849 Aug.
2233 2783 2317 2831 11.

425 2886 771 2952 FoAvqu
818 2887 1224 2953 VAonmus
1272 2885 1846 2961 Consi-Atrum,
1896 2905 2098 2969 quem
2166 2885 2331 2951 Aur.
2394 2885 2636 2952 Victor

421 2988 470 3054 J
474 2989 686 3054 ulium
717 2989 920 3056 etiam
950 2990 1277 3074 appellat,
1308 2994 1762 3071 cognomento
1794 2988 2105 3066 ChloruS,
2130 3009 2173 3054 a
2196 3009 2362 3054 voce
2390 2990 2639 3056 Graeca

416 3092 677 3179 χλωρὸς,
704 3092 953 3177 flavus,
998 3112 1123 3158 seu
1167 3090 1352 3177 quod
1397 3091 1587 3156 vultu
1617 3090 1797 3155 flavo
1838 3096 2042 3168 esset,
2074 3110 2195 3155 seu
2228 3091 2405 3175 quod
2436 3092 2637 3178 hujus

424 3194 675 3260 coloris
707 3202 968 3261 vestem
997 3216 1169 3280 puer
1213 3186 1440 3278 gerere
1491 3193 1759 3269 soleret,
1807 3213 1850 3258 a
1904 3192 2152 3257 Flavio
2202 3191 2634 3278 Vespasiano

422 3294 736 3379 Augusto
789 3319 998 3382 genus
1048 3297 1286 3378 duxit3
1328 3318 1377 3373 ,a
1424 3317 1564 3381 quo
1615 3296 1881 3362 Flaviae
1928 3295 2146 3378 gentis
2174 3314 2409 3361 nomen
2440 3301 2509 3361 et
2536 3297 2638 3361 in·

424 3400 646 3482 signia
697 3406 1096 3466 consecutus
1136 3401 1378 3465 dicitur
1429 3399 1610 3482 apud
1662 3397 2075 3463 Trebellium
2121 3395 2527 3478 Pollionem,
2576 3398 2639 3463 si

425 3502 653 3567 tamen
684 3503 747 3567 ei
777 3502 945 3567 fides
971 3502 1200 3567 haberi
1245 3508 1498 3586 potest,
1530 3502 1648 3586 qui
1688 3498 2136 3565 Constantino
2187 3499 2336 3584 ejus
2379 3502 2639 3583 nepoti,
2728 3583 2731 3585 v

426 3604 624 3687 cujus
653 3609 954 3688 tempore
981 3605 1325 3670 historiam
1357 3604 1654 3687 scripsit,
1678 3623 1760 3667 ea
1806 3603 1876 3666 in
1923 3622 1993 3666 re
2036 3602 2331 3667 fortasse
2376 3602 2641 3681 adulari

422 3706 664 3771 voluit·
751 3705 960 3770 Ortus
991 3712 1095 3770 est
1123 3714 1311 3789 patre
1344 3706 1591 3770 Flavio
1622 3704 1978 3786 Eutropio,
2025 3703 2239 3767 nobili
2268 3705 2438 3768 inter
2466 3703 2637 3770 Dar-

423 3807 640 3873 danos
670 3826 933 3889 genere,
962 3814 1175 3872 matre
1209 3826 1367 3871 vero
1398 3806 1708 3884 Claudia,
1729 3804 1999 3870 Claudii
2030 3804 2346 3888 Augusti,
2378 3806 2486 3871 vel
2519 3827 2640 3891 po-

425 3910 564 3975 tius
595 3908 822 3994 Crispi
852 3908 1003 3993 ejus
1032 3908 1253 3972 fratris
1282 3907 1445 3973 filia.
1535 3908 1767 3975 Natus
1790 3908 1989 3973 estin
2016 3907 2319 3992 Illyrico,
2344 3917 2417 3973 ut
2440 3910 2643 3974 tradit

425 4008 599 4077 Aur.
648 4009 916 4091 Victor,
949 4027 1066 4076 111.
1116 4010 1277 4075 Kal.
1322 4011 1525 4077 Mart.
1574 4016 1646 4077 ut
1693 4010 1918 4077 videre
1961 4018 2066 4077 est
2094 4032 2181 4077 ex
2213 4011 2638 4077 Kalendario

428 4112 892 4195 Constantini3
937 4114 1067 4179 hoc
1101 4133 1276 4180 auno
1309 4114 1566 4180 Christi
1593 4130 1755 4182 oct..
1783 4120 1859 4181 ut
1888 4134 1977 4179 ex
2023 4113 2174 4198 ejus
2207 4115 2429 4181 obitus
2470 4121 2636 4180 tem·

426 4236 593 4301 pore
624 4224 932 4301 apparet.

557 4326 736 4390 Delph.
755 4331 805 4375 et
833 4326 948 4378 ναν.
978 4327 1107 4378 Clas.
1387 4327 1575 4389 Paneg.
1608 4326 1718 4376 Vct.
2397 4330 2427 4374 4
2464 4327 2508 4374 L
