3084 4959
2381 383 2557 456 1173

342 538 583 603 fretum
632 536 819 616 illud,
865 556 1006 622 quo
1053 540 1206 605 solo
1243 547 1527 605 mortem
1569 561 1764 608 suam
1802 542 2154 627 hucusque
2192 550 2560 610 remoratus

344 648 475 720 est,
526 659 745 723 paeneff
777 641 1117 705 exercitus
1168 650 1434 708 vestros
1480 644 1712 710 videat
1757 646 2122 728 ingressos,
2168 647 2560 730 oblitusque

341 743 640 819 navium,
690 742 996 826 refugum
1048 755 1269 810 mare‘
1329 753 1608 812 secutos
1659 766 1834 836 esse,
1887 766 2021 831 qua
2073 745 2393 814 cederet?
2491 749 2558 815 2.

347 844 574 923 Quam
622 867 800 911 nunc
852 848 1148 912 insulam
1194 850 1642 927 remotiorem,
1689 870 1884 934 quem
1935 850 2141 915 alium
2188 850 2320 915 sibi
2363 859 2564 934 optet

343 951 726 1014 oceanum?
773 969 905 1033 quo
951 949 1239 1034 denique
1285 960 1495 1034 pacto
1541 951 1836 1034 effugere
1875 971 2121 1037 poenas
2164 953 2561 1037 reipublicae

343 1052 627 1133 potest?
672 1051 807 1115 nisi
837 1052 899 1116 si
929 1051 1181 1129 haustu
1212 1059 1407 1118 terrae
1439 1051 1819 1133 devoretur,
1852 1061 1969 1119 aut
2001 1055 2263 1120 turbine
2294 1056 2563 1139 aliquo¹¹

341 1154 413 1217 in
461 1153 667 1219 devia
709 1172 887 1219 saxa
928 1155 1251 1237 rapiatur.
1356 1155 1423 1219 3.
1470 1156 1857 1224 AEdificatae
1906 1158 2119 1236 sunt,¹’
2163 1165 2559 1244 ornataeque

340 1256 806 1338 pulcherrimae
851 1256 1137 1334 classes,
1170 1257 1436 1322 cunctis
1481 1259 1683 1324 simul
1727 1259 2038 1325 amnibus
2071 1280 2408 1326 oceanum
2436 1281 2558 1344 pe·

341 1359 592 1423 titurae.
682 1357 925 1441 Neque
964 1359 1182 1423 solum
1225 1358 1312 1422 ad
1351 1358 1803 1442 perficiendas
1845 1382 1965 1428 eas
2005 1363 2305 1429 certatim
2344 1364 2559 1428 homi-

341 1480 466 1526 nes
509 1461 917 1540 laborarunt,
947 1460 1068 1525 sed
1106 1461 1316 1526 etiam
1354 1460 1441 1524 ad
1486 1463 1939 1545 excipiendas
1978 1466 2250 1529 flumina
2289 1471 2560 1549 repente

1038 393 1607 447 muneramus.
1686 396 1769 446 11.
1802 373 1910 447 1‘2.

242 1624 253 1630 .
341 1568 715 1628 creverunt.
804 1566 872 1627 4.
915 1563 1094 1629 Toto
1150 1563 1286 1628 fere
1333 1583 1528 1636 anno,
1579 1564 1978 1649 Imperator,
2025 1586 2157 1650 quo
2204 1568 2327 1633 tibi
2381 1586 2560 1652 opus

340 1675 488 1731 erat
528 1666 909 1741 serenitate,
943 1672 1020 1731 ut
1061 1668 1339 1744 navalia
1376 1673 1808 1745 texerentur,⁰
1846 1674 1922 1734 ut
1961 1672 2188 1734 trabes
2229 1670 2558 1735 caederen-

340 1773 478 1845 tur,
505 1775 581 1833 ut
619 1769 951 1834 artificum
991 1772 1196 1834 animi
1229 1771 1549 1852 vigerent,
1582 1776 1660 1836 ut
1689 1790 1927 1836 manus
1957 1791 2041 1836 ne
2070 1777 2559 1856 torpescerent,

338 1870 570 1935 nullus
600 1871 737 1935 fere
767 1872 913 1936 dies
942 1872 1154 1937 imbre
1177 1872 1471 1937 foedatus
1494 1879 1623 1936 est.
1704 1872 1964 1957 Hyems
1986 1874 2559 1958 ipsa·temperiem

339 1976 525 2040 veris
551 1976 814 2041 imitata
844 1984 970 2043 est.
1043 1977 1109 2041 5.
1139 1974 1187 2040 J
1191 1995 1296 2040 am
1327 1994 1462 2039 non
1493 1974 1981 2059 Septemtrioni
2009 1995 2134 2040 nos
2165 1978 2559 2061 putavimus

403 2167 426 2192 ⁰
457 2160 720 2212 Recessim
739 2162 907 2212 maris.
1102 2159 1130 2196 ὅ
1163 2161 1325 2211 Hieta
1345 2166 1489 2211 term
1509 2159 1838 2225 absorbeatur,
1859 2162 2128 2227 natalique
2147 2163 2371 2227 procella,
2389 2164 2473 2226 ξε.

1268 2306 1648 2327 ΟΟΝΝΜΟ

407 2406 545 2457 Car.
569 2419 675 2455 ιιι.
731 2409 757 2454 1
785 2405 976 2470 Vulgg.
1006 2421 1141 2469 poene
1160 2412 1342 2457 vestros
1366 2407 1642 2464 exercista,-
1677 2406 1859 2457 Arntz.
1882 2422 1948 2459 ex
1969 2407 2087 2458 cod.
2110 2407 2334 2469 Gnelph.
2352 2411 2409 2458 et
2429 2408 2560 2459 Exe.

337 2472 497 2521 Voss.
547 2470 714 2532 dedit,
757 2487 894 2534 poene
932 2473 1172 2521 exereitus
1229 2477 1430 2521 vestros.
1514 2472 1723 2522 Acidal.
1760 2473 1897 2536 conj.
1948 2489 2083 2536 poene
2124 2473 2327 2535 pedibus
2360 2479 2562 2523 vestros.

340 2535 574 2599 Guelph.
597 2545 652 2586 et
677 2537 806 2585 Exc.
842 2537 994 2586 Voss.
1026 2538 1196 2586 oblitos
1228 2538 1442 2595 nuvium,
1481 2537 1670 2586 omissa
1708 2539 2197 2601 conjunctione—8
2228 2538 2381 2588 Alter
2418 2537 2562 2587 Gud.

336 2601 512 2651 cinctis
549 2602 706 2657 sirnul.
739 2604 821 2663 ξε.
856 2602 941 2651 alii
979 2601 1117 2661 libri,
1137 2602 1438 2665 cunctim&-
1502 2603 1634 2651 Exc.
1652 2603 1808 2654 Voss.
1840 2618 2016 2662 omnen,
2036 2618 2133 2666 pro
2153 2604 2381 2653 homines.
2449 2602 2562 2651 Pro

336 2666 662 2730 excipiendas,
683 2667 907 2729 Gueiph.
929 2673 985 2716 et
1009 2668 1140 2716 Exc.
1163 2668 1316 2717 Voss.
1338 2667 1622 2729 recipienda,
1649 2669 1786 2717 uude
1807 2668 1920 2734 quis
1940 2669 2344 2730 recipiendam-«1
2367 2668 2562 2730 Vulgg.

339 2745 401 2779 ne
431 2747 601 2781 manus
634 2736 984 2795 εονρεοοενεπις
1018 2731 1171 2782 codd.
1197 2733 1499 2794 Schwarzii,
1533 2732 1672 2782 Gud.
1694 2734 1826 2783 Exc.
1850 2734 2001 2783 Voss.
2021 2734 2141 2782 Vet.
2166 2734 2334 2783 Livin.
2353 2734 2564 2782 Puteol-

341 2799 490 2847 1476.
523 2797 736 2862 Cuspin.
772 2797 1009 2846 Rhenan.
1043 2804 1102 2848 et
1141 2797 1215 2847 H.
1255 2797 1435 2861 steph.
1469 2801 1525 2846 ut
1563 2813 1735 2849 mnus
1768 2814 1830 2849 ne
1860 2804 2291 2863 torpescerent—6
2325 2798 2444 2849 Jam
2464 2812 2561 2849 aon

1344 2944 1565 2995 NOTAE

337 3044 533 3109 napiae,
557 3042 633 3093 ait
656 3042 857 3108 Victor,
885 3057 990 3093 non
1027 3043 1080 3092 in
1119 3042 1410 3106 Hungaria,

339 3129 401 3174 ut
429 3121 759 3174 cambdenus
794 3128 968 3184 putat,
1005 3119 1098 3170 sed
1133 3119 1268 3183 apud
1293 3120 1409 3169 Me·

338 3200 525 3264 napios
557 3200 608 3249 in
644 3198 947 3256 Brabantia,
976 3198 1130 3247 homo
1164 3197 1406 3246 vilissimo

335 3278 455 3326 loco
499 3281 671 3331 natus,
703 3273 796 3326 sed
835 3276 1089 3337 praeclare
1130 3274 1408 3338 multipiici

335 3354 394 3401 in
431 3341 572 3401 bello
607 3349 761 3399 rebus
797 3350 959 3412 gestis
1003 3350 1251 3413 paulatim
1288 3364 1404 3414 pro·

339 3435 543 3490 vectus,
565 3426 798 3490 inprimis
831 3428 884 3476 in
917 3426 1220 3490 Bagaudica
1241 3440 1405 3489 expe·

336 3504 540 3553 ditione
565 3516 802 3566 magnam
825 3501 921 3550 sub
945 3501 1264 3551 Maximiano
1295 3502 1405 3551 lau-

336 3581 459 3630 dem
485 3586 814 3641 consecutus,
848 3592 961 3628 eam
997 3578 1064 3628 ob
1104 3592 1212 3627 rem
1246 3583 1405 3642 appa·

337 3656 520 3707 randae
544 3655 683 3720 apud
702 3654 988 3705 Bononiam
1019 3654 1168 3703 classi
1195 3656 1404 3718 propul-

337 3733 618 3797 sandisque
642 3729 766 3781 inde
791 3731 1007 3782 Francis
1029 3738 1084 3781 et
1114 3732 1406 3782 Saxouibuu

338 3815 564 3860 tractum
595 3807 830 3871 Belgicae
859 3817 914 3856 et
938 3807 1226 3858 Armoricae
1249 3806 1406 3857 infes-

333 3886 572 3936 tantibus
593 3900 624 3934 a
645 3884 969 3935 Maximiano
991 3883 1274 3948 praefectus
1295 3883 1404 3934 fue·

339 3972 439 4013 rat.
508 3963 626 4015 Quo
663 3961 715 4010 in
752 3974 969 4010 munere
999 3976 1116 4011 cum
1152 3962 1277 4012 alios
1312 3976 1408 4025 per

337 4038 417 4096 fas
457 4050 512 4088 et
556 4036 711 4088 nefas
764 4037 1106 4101 opprimeret,
1144 4039 1271 4087 alios
1317 4046 1407 4089 aut

337 4116 527 4180 opibus
549 4114 820 4178 spoliatos,
852 4120 942 4162 aut
976 4120 1197 4176 accepto
1234 4114 1408 4179 aliquo

338 4191 509 4258 pretio
531 4192 763 4242 intactos
788 4191 933 4254 quasi
960 4189 1024 4239 ad
1050 4188 1231 4239 eadem
1256 4190 1410 4241 latro·

340 4269 474 4322 cinia
496 4268 823 4330 dimitteret3
856 4267 1048 4333 vixque
1070 4268 1224 4318 ullam
1249 4276 1413 4320 tantae

1491 3042 1687 3105 praedae
1721 3048 1925 3108 partem
1958 3047 2048 3092 aut
2078 3039 2144 3089 ad
2177 3040 2356 3091 fiscum
2379 3049 2470 3094 aut
2491 3044 2561 3095 ad

1493 3118 1733 3169 aerarium
1772 3118 2026 3179 referret3
2070 3117 2418 3170 Maximianus
2450 3118 2588 3171 fae--

1491 3203 1599 3244 tam
1638 3194 1738 3244 sibi
1778 3195 1843 3244 ab
1880 3208 1963 3251 eo,
1999 3207 2152 3258 quem
2191 3194 2310 3244 huic
2355 3197 2561 3247 muneri

1491 3272 1884 3338 praeposuisset,
1930 3272 2171 3337 injuriam
2217 3280 2378 3337 ratus,
2420 3275 2559 3326 hunc

1488 3351 1625 3399 clam
1648 3349 1813 3400 occidi
1841 3349 2018 3413 jubet.
2090 3348 2245 3401 Quod
2274 3351 2559 3402 subodora-

1488 3435 1572 3478 tus
1628 3427 1738 3490 ille,
1784 3427 2043 3486 abductis,
2098 3442 2214 3492 quae
2278 3428 2328 3478 in
2367 3429 2555 3481 Galliis

1487 3510 1654 3566 eraut,
1688 3502 1975 3566 legionibus
2010 3503 2271 3560 Romanis,
2306 3503 2559 3556 conflato-

1487 3597 1589 3645 qne
1630 3580 1942 3631 validissimo
1975 3579 2232 3640 exercitu,
2256 3580 2558 3638 Britannias

1488 3657 1786 3720 occupavit.
1845 3655 1933 3705 Ita
1954 3655 2153 3713 Victor,
2183 3656 2400 3719 Eun-op.
2424 3657 2559 3708 Oro-

1487 3747 1611 3781 nius.

1554 3806 1579 3842 b
1604 3808 1878 3873 AEdajficatoe
1915 3806 2049 3870 runt]
2094 3808 2238 3860 Quas
2277 3811 2557 3864 Maximia-

1491 3899 1586 3934 nus
1622 3884 1930 3935 Constantio
1967 3884 2214 3935 adversus
2249 3886 2557 3940 carausium

1490 3962 1630 4011 ituro
1653 3960 1903 4011 traderet.

1553 4046 1575 4073 ⁰
1612 4037 1925 4102 Texerentur]
1972 4038 2335 4091 struerentur.
2411 4041 2554 4092 Hinc

1485 4117 1501 4143 ‘
1525 4113 1845 4179 textrinum‚'
1888 4116 2034 4166 locus
2092 4115 2178 4166 ubi
2230 4115 2555 4170 aedificautnr

1488 4207 1667 4244 naves.
