3084 4959
1200 349 1387 401 vru
1438 349 1803 402 murmur.
2437 339 2608 406 1231

399 492 613 562 litudo
663 493 846 579 styli,
875 498 948 559 et
994 493 1180 577 quod
1229 493 1315 560 de
1366 492 1796 561 institutione
1841 514 2224 580 puerorum,
2271 504 2341 565 et
2383 498 2610 566 officio

397 596 724 663 Palatino
771 596 1036 680 passim
1080 597 1308 663 habet.
1398 597 1771 683 SeptimuS,
1822 617 2021 683 quem
2065 599 2229 664 item
2266 601 2609 683 Treveris»,

398 698 508 764 die
530 698 680 783 ejus
708 699 897 763 urbis
927 699 1136 763 natali
1168 718 1367 779 anno,
1410 696 1662 764 Christi
1697 699 1850 764 310.
1891 718 2117 765 coram
2164 700 2610 770 Constantino

398 800 601 877 dixit,
636 801 839 884 paulo
882 807 1041 885 post
1071 800 1226 884 ejus
1257 799 1547 880 natale8‚
1577 801 1718 885 qui,
1752 801 1931 866 sicut
1957 804 2158 868 estin
2193 802 2613 872 Kalendario

397 916 621 971 vetere
656 902 838 988 apud
868 904 1302 981 Eucherium,
1330 905 1398 968 in
1443 905 1709 970 tertium
1753 903 1915 970 Kal.
1954 904 2160 971 Mart.
2200 906 2611 981 incidebant.

401 1005 485 1071 In
514 1005 648 1071 fine
677 1005 876 1090 hujus
909 1007 1230 1101 orationis
1271 1006 1741 1090 imperatorem
1777 1006 2030 1074 invitat
2056 1008 2472 1076 AEduensem
2503 1031 2611 1075 ur-

399 1110 560 1174 bem
588 1108 818 1174 venire
848 1127 933 1172 ne
963 1112 1290 1191 gravetur.
1381 1107 1690 1191 Cumque
1718 1126 1894 1174 anno
1924 1111 2226 1193 sequenti
2256 1111 2615 1196 imperator

404 1231 555 1277 eam
583 1211 819 1276 urbem
849 1212 1196 1293 ingressus
1227 1208 1488 1276 restitui
1518 1210 1794 1294 publica
1834 1209 2132 1276 aedificia
2166 1213 2517 1296 jussisset,
2546 1223 2616 1282 et

403 1315 586 1380 cives
616 1313 1015 1378 tributorum
1046 1311 1445 1377 remissione
1485 1310 1944 1389 sublevasset,
1973 1311 2354 1379 AEduenses
2386 1318 2612 1400 ipsum

402 1414 833 1492 Eumenium,
867 1413 1065 1498 cujus
1085 1411 1485 1497 eloquentiae
1508 1412 1846 1493 singulare
1864 1413 2193 1497 principis
2215 1416 2614 1484 beneficium

403 1524 758 1601 acceptum
790 1516 1188 1593 referebant,
1218 1513 1449 1582 statim
1481 1514 1570 1579 ad
1600 1514 2072 1598 imperatorem
2109 1516 2418 1599 legarunt
2453 1520 2614 1587 Tre-

403 1639 628 1695 veros„
655 1620 773 1683 ubi
805 1619 874 1682 in
907 1618 1154 1683 celebri
1183 1619 1555 1700 legatorum
1600 1625 1805 1695 coetu,
1851 1618 1968 1701 qui
2016 1638 2101 1684 eo
2145 1620 2615 1708 undecumque

405 1721 492 1787 ad
532 1719 1055 1805 quinquennalia
1093 1720 1423 1804 principis
1463 1720 1877 1785 celebranda
1919 1729 2255 1797 venerant,
2303 1723 2616 1790 Flavien·

404 1825 582 1890 sium
630 1823 894 1888 nomine
943 1821 1389 1889 Constantino
1432 1823 1681 1906 gratias
1723 1828 2012 1911 acturus,
2043 1829 2358 1890 octavum
2394 1827 2614 1895 Pane·
2716 1854 2725 1863 ·

404 1928 699 2011 gyricum
730 1924 991 1992 habuit.
