3084 4959
485 347 660 414 1250

486 527 640 576 cnm
669 509 872 574 laude
899 526 1113 573 sacrae
1142 508 1516 592 largitionis
1548 507 1692 573 fieri
1724 508 1970 593 possit,
1998 509 2367 576 ostendum⁸
2445 511 2514 577 2.
2558 514 2682 581 Sa-

482 608 756 678 lariumi
805 632 913 677 me
960 612 1411 677 liberalissimi
1458 611 1840 697 Principes,
1898 632 1990 678 ex
2039 613 2240 699 hujus
2287 615 2686 699 reipublicae

484 713 780 795 viribus}
805 717 876 780 in
895 717 1205 781 sexcenis
1229 716 1529 785 millibus
1553 735 1893 782 nummum
1915 713 1942 771 ’ἕ
1966 718 2286 802 accipere
2300 717 2679 803 jusserunt:

481 838 618 884 non
646 819 962 904 quoniam
993 838 1125 884 non
1165 819 1462 904 amplius
1489 819 1777 885 tribuere
1807 820 2176 886 commodis
2202 823 2374 887 meis
2408 823 2679 901 vellent,

481 922 553 986 in
577 941 777 1007 quem
802 921 1016 997 multo
1042 921 1300 1006 majora
1329 929 1402 985 et
1432 921 1622 1005 prius
1675 927 1745 987 et
1788 930 2034 1006 postea
2068 926 2350 1009 praemia
2379 926 2678 992 contule.

1251 362 1581 411 nouum}
1630 363 1914 412 camno

1391 1105 1657 1127 “bem“
1662 1106 1749 1126 ‘O‘

479 1220 648 1272 Livin.
665 1230 719 1270 et
740 1218 822 1272 ed.
847 1221 1085 1273 Balduin.
1118 1222 1388 1286 reipublicae
1407 1223 1618 1286 juribus.
1673 1223 1689 1251 ‘
1715 1224 1774 1274 In
1793 1222 2010 1274 sexcenis
2033 1224 2243 1275 millibus
2263 1225 2525 1291 nummum]
2547 1226 2677 1288 Soli·

479 1289 608 1337 citat
632 1285 852 1337 casaub.
881 1288 945 1336 ad
968 1287 1183 1336 Sueton-
1205 1287 1401 1338 othon.
1437 1305 1483 1339 e.
1504 1293 1555 1339 4.
1589 1290 1727 1338 hunc
1762 1291 1950 1347 locum,
1972 1293 2028 1338 et
2051 1304 2142 1354 pro
2165 1290 2382 1340 sexcenis
2401 1299 2455 1340 et
2478 1293 2680 1341 ter-cenis

477 1352 530 1401 ln
552 1353 648 1402 hac
672 1351 910 1401 oratione
931 1366 1135 1416 semper
1153 1354 1407 1415 sexagenis
1428 1362 1483 1404 et
1501 1354 1700 1404 tricenis
1718 1354 2049 1405 scribendum
2070 1364 2184 1405 esse
2206 1363 2374 1420 putet.
2427 1356 2530 1406 Sed
2555 1358 2676 1420 jure

478 1417 878 1481 reprehenditur
903 1433 931 1466 ι
951 1417 1150 1467 Theod.
1173 1418 1416 1470 Marcilio
1439 1419 1504 1468 ad
1528 1422 1744 1471 Sueton.
1767 1420 1987 1483 Vespas.
2011 1435 2058 1472 c.
2083 1424 2166 1471 18.
2230 1420 2411 1485 Lipsio
2432 1422 2499 1485 ‚de
2522 1422 2675 1489 Mag-

476 1483 642 1533 nitnd.
668 1483 816 1533 Rom.
846 1496 923 1533 tv·
945 1487 1026 1533 10.
1092 1483 1359 1534 Gronovio
1382 1486 1446 1534 de
1469 1484 1690 1536 Sestert.
1729 1501 1782 1550 p.
1813 1488 1926 1534 330.
1985 1485 2240 1543 Livineio.
2265 1485 2485 1549 Bennio,
2506 1487 2676 1537 Cella‘·

477 1550 572 1605 rio,
595 1549 840 1599 Putat-olo
868 1548 932 1597 ad
954 1548 1004 1596 h.
1030 1546 1080 1596 l.'
1110 1548 1301 1611 Joeger.
1370 1550 1504 1600 Edd.
1527 1565 1725 1605 omnes.
1751 1565 1929 1602 omnes
1954 1551 2079 1601 item
2101 1550 2257 1602 codd.
2282 1561 2495 1602 tuentur
2513 1567 2675 1604 sexce-

474 1614 568 1663 nis.
630 1615 647 1643 ‘
673 1614 778 1664 Pro
799 1616 964 1673 multo,
988 1613 1332 1676 Cuspinienus
1363 1615 1525 1666 habet
1564 1618 1745 1674 mutem·
1780 1630 1882 1665 non
1914 1617 2066 1667 male.
2133 1617 2241 1667 Pro
2277 1620 2415 1682 prius
2435 1624 2481 1667 et
2510 1625 2675 1681 postea

474 1678 642 1729 Rhen.
666 1687 722 1728 et
744 1679 997 1742 Stephan-
1018 1688 1265 1741 corrupte
1296 1680 1433 1743 prius
1467 1684 1593 1745 quod
1620 1687 1821 1746 postem·
1854 1681 1988 1731 unde
2011 1682 2277 1731 Acidalius
2312 1684 2517 1732 voculas
2551 1685 2675 1746 quoa

467 1749 634 1808 postea
654 1745 845 1799 alienas
875 1744 1102 1810 judicat.
1172 1744 1299 1807 Sed,
1332 1747 1376 1794 si
1417 1760 1513 1809 pro
1551 1750 1674 1812 qnod
1710 1748 1936 1809 legumus
1972 1753 2039 1808 et,
2080 1747 2155 1798 uti
2191 1749 2344 1797 estin
2371 1749 2474 1799 Μο.
2495 1748 2675 1797 Moerl.

477 1810 596 1859 Vet.
619 1810 864 1870 Putesni,
887 1809 1009 1860 edd.
1040 1810 1255 1875 Cuspin.
1295 1811 1462 1862 Livin.
1499 1812 1669 1862 Baun.
1705 1812 1834 1862 cen.
1872 1814 2051 1863 Peter.
2086 1827 2260 1862 sensus
2298 1815 2420 1862 satis
2454 1820 2671 1864 constat.

472 1875 582 1925 Pro
612 1876 828 1940 ματαία,
852 1875 990 1926 Gud·
1020 1875 1251 1927 amnem?
1283 1875 1478 1942 δεεστ.
1547 1876 1718 1928 codd.
1742 1878 1881 1928 Gud.
1906 1878 2079 1929 Moerl.
2110 1878 2312 1929 Bertin.
2335 1879 2561 1929 Putean·
2583 1881 2673 1929 bs·

1461 2022 1675 2076 NOTAE

1612 2123 1788 2178 tertia,
1814 2138 1914 2173 non
1939 2121 2204 2185 differunt,
2220 2122 2490 2173 sestertius
2515 2121 2669 2179 enim,

1610 2205 1666 2249 et
1684 2214 1918 2249 nummus
1944 2200 2078 2249 idem
2104 2198 2202 2249 fnit
2222 2200 2359 2263 apud
2378 2200 2631 2249 Romanos
2651 2215 2668 2261 3

470 2119 624 2170 modo
645 2121 754 2169 sine
779 2128 950 2170 sumtu
974 2120 1181 2183 publico
1198 2120 1385 2172 scholae
1412 2121 1528 2171 refi-

471 2194 520 2244 ci
545 2204 702 2259 etque
727 2196 1001 2255 instaurari
1026 2198 1245 2261 possint.
1309 2198 1527 2248 Sublata

472 2282 642 2323 sutem
667 2275 850 2324 vocula
881 2275 1147 2326 emendavi
1179 2278 1350 2327 locum
1372 2279 1528 2340 hunc,

468 2349 658 2398 multos
691 2364 755 2398 ea
787 2350 837 2399 in
873 2365 928 2399 re
962 2360 1171 2402 secutus
1194 2353 1528 2418 interpretes,

470 2426 653 2490 quibus
668 2426 848 2478 itidem
864 2435 920 2477 ut
937 2428 1058 2478 mihi
1074 2430 1181 2479 vise
1199 2438 1277 2479 est
1298 2445 1397 2480 uns
1419 2431 1523 2481 dic·

469 2502 544 2551 tio
579 2503 872 2554 abundare:
918 2505 995 2555 sic
1031 2514 1142 2557 erat
1186 2506 1238 2557 in
1283 2508 1412 2565 aliis,
1464 2508 1526 2558 In

465 2581 715 2629 secuudum
736 2582 1020 2645 eundemque
1042 2582 1190 2633 locum
1210 2584 1395 2634 distuli.

533 2656 548 2691 ¹
578 2657 843 2723 Salarium]
863 2658 1081 2724 Proprie
1099 2659 1415 2711 tribunorum
1433 2661 1522 2712 mi·

464 2733 692 2784 litorium
717 2742 773 2785 et
794 2734 981 2785 ductim
1006 2751 1223 2793 annona,
1251 2739 1342 2788 sed
1372 2746 1427 2788 et
1457 2737 1523 2788 de

461 2809 719 2872 stipendio
764 2821 1057 2862 ceterorum
1099 2814 1335 2877 militum,
1368 2822 1522 2878 atque

465 2887 596 2936 adeo
620 2886 685 2935 de
703 2887 882 2952 quavis
902 2889 1142 2940 mercede
1164 2890 1378 2940 dietum.
1435 2892 1523 2941 Ita

465 2970 589 3014 vero
623 2966 960 3031 appellatum,
983 2966 1150 3031 inquit
1184 2968 1320 3017 Plin.
1353 2981 1520 3019 xxxi.

461 3045 511 3090 7.
545 3049 560 3071 ‘
578 3041 713 3106 quod
749 3043 822 3092 ita
851 3042 1198 3093 necessarium
1233 3045 1322 3106 sit,
1344 3054 1403 3094 ut
1431 3045 1520 3095 ho-

461 3118 584 3167 mini
608 3116 722 3182 sslf
756 3120 837 3168 vel
858 3119 997 3184 qnod
1020 3120 1208 3169 salaria
1230 3121 1518 3185 percipien-

459 3201 538 3243 tes
569 3194 691 3244 inde
709 3209 766 3245 se
791 3197 1006 3247 alerent.
1179 3208 1186 3213 ’

518 3268 539 3312 J
574 3271 655 3319 Ex
681 3270 819 3331 largius
848 3272 968 3336 reip.
1004 3272 1208 3337 viribus]
1246 3274 1297 3323 N
1333 3288 1363 3322 n
1382 3273 1517 3334 juri·

460 3344 564 3408 bus,
578 3353 638 3396 ut
654 3346 812 3411 aliqui
833 3347 1038 3412 legunt3
1062 3355 1210 3399 extet
1228 3350 1310 3399 eni
1377 3349 1515 3413 Imp.

459 3420 772 3487 Constantii,
811 3424 899 3488 qui
944 3438 1102 3488 nepos
1151 3425 1301 3491 hujus
1356 3428 1516 3481 nostri

460 3497 755 3549 Constantii
797 3498 919 3562 fuit,
958 3501 1076 3551 cod.
1119 3500 1183 3551 de
1233 3501 1513 3554 Proebend.

453 3575 621 3626 Salar.
654 3577 743 3627 lib.
767 3592 803 3628 t.
838 3584 852 3606 ⁶
872 3578 1016 3629 Nulli
1049 3579 1288 3630 salarium
1323 3581 1515 3630 tribua·

458 3660 544 3703 tur
566 3668 631 3705 ex
656 3653 847 3704 viribus
882 3656 1010 3718 reip.
1043 3656 1140 3704 nisi
1172 3655 1260 3720 qui
1283 3656 1515 3721 jubenti·

456 3728 553 3778 bus
578 3731 723 3781 nobis
749 3732 1045 3795 specialiter
1074 3732 1233 3784 fuerit
1266 3748 1514 3785 consecu-

457 3804 572 3855 tus.'
639 3806 708 3856 Et
725 3822 847 3857 vero
870 3823 986 3858 mox
1011 3824 1125 3874 esp.
1142 3823 1221 3860 ιν.
1243 3811 1338 3859 sub
1357 3809 1513 3860 finem

452 3882 720 3932 literarum
744 3884 1067 3935 Constantii:
1105 3893 1119 3915 ⁶
1141 3886 1381 3951 Denique
1415 3889 1513 3937 eti·

453 3975 533 4010 am
558 3960 800 4012 saluium
832 3968 886 4012 te
919 3963 968 4011 in
1003 3963 1263 4013 sexcentis
1286 3964 1509 4015 millibus

453 4052 716 4088 nummum
742 4040 870 4102 reip.
890 4038 1085 4089 viribus
1104 4043 1349 4107 consequi
1365 4043 1510 4092 volu-

451 4111 605 4163 mus!

518 4187 542 4223 ¹¹
573 4189 799 4241 Sexcenis
819 4192 1026 4243 millibus
1041 4193 1298 4257 nummum]
1318 4195 1508 4246 Sexce-

453 4281 517 4317 ιιι
555 4268 714 4318 millia
747 4283 1026 4334 nummum,
1043 4285 1108 4324 sc
1133 4277 1384 4322 sexcenta
1402 4287 1508 4325 ses·

1610 2283 1665 2324 et
1688 2275 1752 2324 ad
1776 2284 2058 2326 nostratem
2087 2283 2344 2327 monetam
2379 2277 2421 2325 si
2460 2290 2668 2326 revoce-

1610 2358 1716 2416 tur,
1739 2355 1818 2400 10.
1838 2352 2076 2402 denarios
2095 2352 2323 2402 conficit.
2365 2352 2667 2402 Sestertium
2740 2372 2741 2375 ¹

1610 2441 1733 2476 vero
1758 2428 1809 2476 in
1833 2434 2039 2490 neutro,
2062 2428 2197 2476 mille
2233 2428 2488 2477 sestertiis
2525 2443 2667 2477 num·

1607 2505 1703 2554 mis
1727 2506 1955 2570 valebat,
1979 2506 2200 2570 ideoque
2226 2514 2446 2555 mouetae
2480 2514 2667 2559 nostrae

1604 2585 1688 2631 43.
1706 2582 1852 2632 libris
1878 2582 2158 2639 Francicis,
2186 2589 2243 2630 et
2266 2586 2341 2631 15.
2376 2580 2551 2630 solidis
2587 2595 2669 2637 re,-

1605 2660 1913 2722 spondebst.
1959 2659 2131 2723 Igitur
2152 2656 2419 2708 subductis
2440 2656 2668 2723 calculis,

1604 2745 1854 2786 sexcenta
1876 2735 2117 2786 sestertia
2140 2737 2322 2784 20250.
2345 2733 2489 2783 libris
2506 2735 2666 2783 Fran·

1603 2811 1732 2862 eicis
1772 2812 2035 2863 valebunt.
2099 2810 2249 2865 Quod
2306 2812 2543 2862 salarium
2590 2811 2667 2862 ita

1603 2889 1828 2951 amplum
1853 2888 2110 2938 nonnullis
2135 2888 2296 2938 visum
2320 2894 2421 2952 est,
2446 2895 2504 2937 ut
2521 2888 2665 2938 Alci·

1603 2974 1718 3014 stus
1740 2966 1792 3014 in
1817 2967 2048 3031 perergis
2074 2965 2177 3015 suis
2198 2966 2410 3029 accipere
2430 2966 2484 3015 in
2503 2981 2665 3031 seue·-

1600 3042 1680 3091 uis
1710 3042 1856 3093 dicat
1875 3057 1987 3093 esse
2008 3042 2248 3108 accipere
2280 3058 2502 3093 annuum
2528 3043 2665 3094 redi·

1601 3125 1730 3182 turn,
1749 3120 1836 3185 qui
1860 3118 2046 3171 confici
2070 3127 2243 3184 posset
2272 3134 2339 3168 ex
2363 3134 2423 3169 ea
2446 3134 2662 3184 summe,

1600 3196 1645 3245 si
1678 3195 1861 3247 foenori
1886 3196 2134 3257 deretur-3
2166 3201 2221 3245 et
2243 3195 2580 3246 Cssaubonus
2607 3198 2659 3247 in

1600 3273 1838 3323 Suetonii
1859 3273 2071 3324 Othone
2093 3286 2208 3335 cap.
2229 3275 2280 3321 4.
2313 3286 2409 3335 pro
2427 3272 2663 3322 sexcentis

1597 3349 1738 3413 legat
1770 3350 2045 3414 sexagenis,
2090 3350 2140 3400 id
2180 3356 2280 3410 est,
2322 3353 2471 3401 2625.
2514 3350 2658 3400 libris

1597 3427 1883 3478 Francicis.
1961 3427 2036 3478 At
2071 3426 2399 3477 meminerint
2442 3426 2516 3476 illi
2557 3428 2660 3477 Eu-

1595 3504 1821 3554 menium
1863 3504 2001 3555 haud
2047 3505 2310 3567 vulgarem
2354 3503 2657 3567 magistrum

1595 3579 1769 3644 fuisse,
1791 3580 1881 3632 sed
1905 3566 2130 3632 sumtum
2154 3587 2213 3631 ut
2236 3580 2348 3643 ipse
2373 3577 2446 3628 ait
2467 3593 2531 3628 ex
2565 3593 2660 3643 ps·

1595 3658 1738 3716 latio,
1777 3657 1864 3709 ubi
1907 3659 2155 3722 magister
2190 3662 2352 3706 sacrm
2396 3656 2657 3706 memorie

1594 3733 1806 3786 fuisset:
1844 3749 1938 3800 pro
1959 3750 2062 3800 quo
2096 3731 2268 3783 officio
2304 3732 2474 3782 media
2501 3733 2655 3796 hujus

1595 3827 1806 3864 summm
1850 3826 1969 3876 pars
2015 3812 2114 3875 ipsi
2172 3809 2502 3874 penderetur.
2566 3809 2655 3860 An

1594 3904 1716 3941 vero
1737 3891 1974 3954 cuiquam
1997 3886 2277 3939 verisimile
2300 3884 2377 3947 fit,
2396 3885 2653 3936 hominem

1592 3966 1644 4015 in
1668 3982 1733 4018 ea
1753 3966 2010 4030 dignitate
2045 3964 2405 4024 constitutum,
2436 3962 2652 4026 triginta

1593 4050 1792 4093 tantum
1816 4041 2054 4092 sestertia
2083 4055 2179 4108 pro
2212 4037 2401 4089 salerio
2426 4039 2653 4104 accepis-

1591 4121 1680 4169 se?
1743 4117 1903 4175 Quid,
1926 4118 2060 4184 quod
2086 4116 2343 4167 editiones
2367 4130 2542 4167 omnes
2564 4116 2650 4167 he·

1591 4197 1718 4250 bent
1733 4197 1947 4250 sexcenis
1970 4208 2066 4262 pro
2085 4194 2337 4255 sexagenis
2350 4199 2372 4244 τ
