3084 4959
940 371 1508 427 muneramus.
1586 374 1736 426 xn.
1780 360 1891 427 45.
2338 362 2511 433 1617

301 523 505 593 nibus
533 515 781 607 linguis
819 519 1165 607 literisque
1208 520 1563 600 celebrate,
1589 540 1718 588 nec
1746 521 1901 588 sitis
1931 522 2017 588 de
2044 541 2322 608 operum
2353 546 2507 593 ves-

301 638 548 695 trorum
593 624 1006 712 perennitate
1052 623 1338 690 soliciti:
1392 623 1539 703 illa,
1583 643 1786 709 quam
1831 632 2156 710 praestare
2214 627 2509 698 historiis

301 730 645 809 solebatis,
689 729 777 794 ab
819 721 1131 792 historia¹
1179 728 1411 793 veniet
1456 728 1818 794 aeternitas.
1902 732 1966 796 5.
2009 729 2165 795 Vos
2210 752 2504 828 quoque,

301 836 558 919 quibus
597 831 898 898 secunda
948 837 1153 896 sors¹¹²
1197 831 1412 896 cessit
1439 831 1602 897 dare
1643 832 1896 897 famam
1936 834 2159 913 rebuS,
2191 836 2504 917 artifices,

298 937 580 1021 vulgata
623 936 739 1000 illa
784 941 1075 1000 veterum
1121 932 1497 997 fabularum
1525 940 1910 1016 argumenta
1939 934 2296 1019 despicite,
2329 939 2504 1022 Her-

300 1041 537 1105 culeos
567 1038 867 1103 labores¹¹
897 1043 969 1100 et
997 1034 1270 1102 Indicos
1291 1033 1514 1099 Liberi
1541 1035 1937 1121 triumphos,
1958 1044 2030 1104 et
2055 1040 2504 1125 anguipedum

297 1143 477 1208 bella
504 1147 970 1207 monstrorum.
1031 1138 1119 1224 6.
1161 1138 1345 1204 Haec
1375 1139 1631 1223 potinS,
1654 1139 1803 1206 haec
1833 1147 2021 1224 gesta
2048 1142 2336 1214 solertes
2364 1165 2503 1216 ma-

297 1264 425 1310 nus
468 1245 787 1326 ducant30
828 1243 934 1307 his
979 1242 1151 1321 fora,
1179 1242 1287 1306 his
1335 1243 1587 1327 templa
1631 1242 2062 1326 decorentur;
2106 1246 2253 1312 haec
2304 1248 2503 1318 ebore

296 1347 713 1425 reddantur,¹¹
741 1347 893 1413 haec
921 1364 1269 1422 marmore,
1295 1343 1444 1411 haec
1475 1346 1561 1410 -in
1592 1347 1935 1412 coloribus
1963 1347 2222 1427 vivant,
2251 1350 2398 1416 haec
2430 1352 2502 1417 in

298 1469 439 1514 aera
463 1455 871 1529 moveantur,
897 1450 1045 1514 haec
1074 1448 1356 1531 gemmis
1388 1455 1679 1532 augeant
1704 1451 2040 1534 pretium.⁰
2086 1495 2093 1498 -

386 1551 567 1622 Cn».
619 1568 804 1618 xnv.
891 1552 958 1616 1.
1004 1550 1309 1616 Pertinet
1337 1550 1425 1616 ad
1462 1542 1897 1619 securitatem
1943 1555 2500 1623 omnium·'saecu-

296 1656 535 1733 lorum,
567 1656 754 1742 quod
792 1662 901 1722 est
924 1654 1207 1733 factum,
1238 1654 1498 1734 videri:
1526 1661 1621 1735 ut,
1654 1656 1716 1720 si
1744 1657 1900 1741 quis
1930 1677 2220 1744 unquam
2246 1659 2502 1725 nefaria

295 1764 453 1823 vota
482 1759 880 1843 conceperit,
908 1757 1355 1822 monumentis
1394 1764 1782 1823 nostrorum
1813 1766 2185 1843 temporum
2214 1761 2499 1827 recensi-

297 1860 423 1925 tiss
446 1882 564 1946 per
592 1861 821 1926 oculos
840 1859 1143 1925 hauriat!
1171 1860 1647 1924 innocentiam.
1732 1858 1799 1923 2.
1846 1858 2177 1946 Quisquis
2200 1883 2499 1947 purpura

296 1964 702 2048 quaudoque
745 1963 955 2046 regali
1005 1963 1245 2028 vestire
1287 1962 1595 2027 humeros
1638 1962 1983 2046 cogitabit,
2029 1963 2383 2031 Maximus
2432 1967 2499 2031 ei

296 2076 545 2131 exutus
574 2073 916 2132 occurrat:
966 2066 1275 2151 quisquis
1319 2085 1552 2131 aurum
1598 2086 2024 2152 gemmasque
2063 2069 2349 2152 privatis
2379 2085 2495 2152 pe-

294 2171 496 2235 dibus
536 2170 822 2253 optabit,
867 2165 1211 2235 Maximus
1251 2168 1318 2246 ei
1360 2169 1610 2254 plantis
1657 2170 1874 2233 nudus
1914 2177 2274 2254 appareat:
2319 2165 2498 2256 quis-

295 2274 451 2357 quis
498 2272 835 2357 imponere
882 2273 1097 2358 capiti
1147 2271 1461 2336 diadema
1505 2271 1953 2351 meditabitur,
2017 2274 2331 2339 avulsum
2373 2276 2496 2340 hu-

293 2378 497 2465 meris
532 2376 822 2442 Maximi
853 2381 1087 2460 caput,
1120 2383 1187 2440 et
1215 2375 1361 2440 sine
1393 2373 1664 2440 nomine
1707 2384 1995 2461 eorpusp
2031 2377 2340 2460 aspiciat.
2400 2378 2492 2441 ·3.

294 2480 561 2545 Scimus
604 2478 875 2565 quidem
915 2478 1082 2566 nihil
1128 2496 1415 2562 unquam
1461 2477 2079 2557 novandumst‘cum
2110 2478 2492 2546 Romanum

355 2674 376 2698 ⁶
412 2664 722 2727 Exprimant.
1108 2659 1135 2695 ἆ
1172 2635 1521 2712 Exhibeantur.

325 2727 385 2763 '‘-
409 2731 549 2787 Quod
566 2735 754 2792 gestum
780 2734 870 2793 est,
899 2727 1105 2792 conspici
1122 2743 1153 2777 a
1180 2727 1403 2792 posteris.
1557 2725 1602 2769 s·
1616 2727 1873 2779 Perleetis.
1999 2736 2029 2771 1
2063 2728 2259 2779 Discat.

356 2793 384 2829 ¹⁴
419 2795 670 2846 Neminem
687 2810 891 2860 unquam
911 2810 987 2845 res
1003 2808 1147 2845 novas
1167 2792 1458 2842 mouturam.

1205 2937 1579 2959 “Olmlum

287 3040 455 3092 codex
475 3055 614 3104 mox,
638 3047 740 3093 esto
757 3044 1064 3093 severus.—6
1099 3039 1202 3090 Pro
1222 3040 1277 3090 in
1296 3056 1396 3091 ara
1426 3043 1717 3095 moveantur,
1743 3037 1932 3088 cellar.
1961 3037 2129 3101 malit,
2162 3040 2218 3089 in
2243 3053 2343 3089 «ενα
2366 3039 2490 3091 iuci-

286 3110 478 3156 dantur.
1245 3151 1256 3161 ,

352 3172 488 3221 cn.
518 3185 647 3221 xnv.
691 3175 718 3220 1
757 3171 1003 3221 Nonnulli
1048 3186 1131 3236 ap.
1167 3168 1375 3220 Acidal.
1409 3170 1709 3221 secur-itatem
1746 3170 1970 3226 omium,
2011 3170 2393 3234 malorumque,
2434 3171 2488 3221 id

273 3238 480 3297 fictum,
501 3240 584 3300 ξε.
639 3235 909 3286 Acidalius
943 3251 1067 3286 vero
1091 3245 1256 3286 mutat
1277 3237 1398 3299 quod
1421 3237 1470 3285 in
1497 3240 1741 3298 perpetum.
1770 3235 1854 3283 vel
1878 3234 2007 3297 legit
2026 3234 2194 3298 ubique
2221 3234 2488 3293 idsactum.

287 3303 423 3352 Edd.
455 3311 589 3351 vett.
610 3304 732 3365 quod
752 3301 1020 3361 adsuetum
1034 3320 1055 3362 ,-
1089 3303 1208 3351 Vet.
1234 3302 1459 3352 Puteau.
1482 3308 1537 3350 et
1562 3302 1688 3349 Exc.
1714 3299 2002 3352 Scbonlnov.
2029 3301 2154 3362 quod
2184 3305 2256 3350 est
2278 3300 2485 3359 suctum.

282 3367 433 3424 Mox.
450 3367 571 3417 edd.
595 3375 727 3417 vett.
750 3368 1035 3425 recensitum
1056 3368 1179 3417 Vet.
1202 3367 1424 3417 Putean.
1447 3371 1503 3416 et
1527 3367 1655 3415 Exc.
1679 3365 1969 3415 Schonbov.
1990 3364 2350 3416 recensitis—4
2376 3366 2486 3416 Pro

282 3433 480 3494 optabit,
499 3432 724 3497 Guelph.
744 3433 902 3483 babet
933 3433 1137 3497 aptabit,
1167 3441 1227 3482 ut
1247 3434 1386 3498 conj.
1412 3433 1640 3497 Medius,
1662 3430 1878 3481 Ritters.
1899 3441 1955 3480 et
1974 3430 2159 3481 Barth.
2181 3431 2258 3481 sic
2281 3445 2486 3496 quoque

1273 3564 1495 3617 NOTAE

347 3669 365 3724 ‚¹
394 3667 473 3720 Ab
511 3668 737 3735 historia]
780 3668 866 3720 Ab
904 3670 1135 3722 historie
1179 3670 1342 3734 ipsius
1488 3680 1513 3706 ⁰
1539 3670 1756 3721 Geminis
1769 3674 1976 3733 augeant
1988 3666 2217 3733 pretium]
2231 3667 2406 3731 Msjus
2430 3681 2484 3717 e·

285 3747 562 3811 dignitate.
1422 3747 1529 3818 nim
1561 3762 1776 3811 gemmae
1799 3748 2042 3810 pretium,
2068 3760 2182 3810 quae
2207 3753 2321 3797 arte
2345 3745 2484 3795 labo·

345 3833 383 3858 ¹¹²
416 3824 634 3875 &cunda
652 3826 776 3890 sors]
807 3824 913 3875 Vos
944 3813 1148 3891 quoque
1177 3824 1337 3876 artifi-
1422 3834 1541 3875 rata
1562 3825 1735 3875 nobile
1757 3823 1966 3888 aliquod
1989 3820 2207 3878 facinus,
2231 3829 2322 3872 aut
2341 3822 2484 3885 prin·

280 3915 384 3965 ces,
421 3902 473 3951 in
508 3901 695 3966 quibus
732 3903 897 3952 altera
937 3908 1056 3965 post
1103 3910 1247 3952 vates
1276 3916 1339 3952 sc
1422 3901 1554 3965 cipis
1577 3900 1785 3964 alicujus
1812 3902 2008 3950 vultum
2033 3904 2393 3962 repraesentat.

279 3977 562 4039 scriptores
585 3976 886 4027 immortalis
906 3976 1084 4042 glorie
1109 3991 1227 4041 spes
1247 3992 1337 4043 po·
1483 3984 1509 4019 Ρ
1531 3976 1650 4028 Sine
1666 3976 1851 4025 nomine
1870 3975 2057 4040 corpus]
2071 3976 2198 4024 Tale
2220 3973 2348 4024 illud
2362 3975 2482 4025 Vir.

283 4055 384 4105 sita
406 4059 506 4102 est.
1418 4053 1526 4115 gilii
1551 4053 1668 4102 AEn.
1685 4065 1751 4102 n.
1769 4056 1882 4101 55⁷.
1903 4051 1919 4078 ‘
1936 4051 2091 4103 Jacet
2106 4052 2286 4113 iugens
2302 4050 2479 4102 littore

342 4138 368 4164 ¹¹
401 4130 666 4180 Herculeos
705 4128 909 4193 labores]
959 4129 1048 4179 De
1090 4128 1339 4180 Herculis
1420 4137 1653 4195 truncus,
1687 4129 2042 4192 Avulsumque
2074 4128 2299 4178 humeris
2320 4136 2479 4193 caput

279 4206 542 4256 laboribus
562 4206 677 4272 plus
693 4208 814 4257 satis
831 4206 1054 4258 diximus
1070 4206 1120 4261 iu
1137 4206 1338 4272 Paneg.
1419 4215 1475 4258 et
1497 4208 1608 4260 sine
1631 4208 1837 4259 nomine
1860 4203 2113 4257 truncus.’.

281 4297 344 4334 u·
366 4286 583 4430 ‘thema
596 4370 643 4415 et
664 4366 782 4417 Vm.
801 4366 938 4419 Clas.
1222 4366 1412 4429 Pau-eg.
1440 4365 1551 4419 Vct.
2227 4367 2257 4412 ⁵
2299 4362 2344 4415 K
