3084 4959
572 321 746 389 1488
1212 336 1541 386 NAzAmt
1592 332 2136 417 PANEcrmcns

571 483 931 549 barbaria:
998 483 1233 549 Persae
1288 485 1480 567 ipsi,¹²
1525 488 1764 566 potens
1812 485 2021 560 natio,
2070 488 2137 547 et
2181 480 2342 567 bost
2392 482 2768 553 Romanam

573 585 1095 669 magnitudinem
1125 587 1194 650 in
1223 589 1420 650 terris
1450 587 1777 666 secunda,
1813 587 2182 652 amicitiam
2208 592 2413 665 tuam,
2441 587 2772 655 Constan—

571 691 710 754 tine
740 688 1064 765 maxime,
1092 707 1229 752 ¹non
1257 688 1478 752 minus
1527 689 1816 772 trepide,
1856 709 2060 773 quam
2091 689 2470 755 amabiliter
2510 694 2770 775 petive-

571 799 751 857 runt.
835 790 1049 856 Nulla
1078 790 1150 853 in
1176 791 1366 857 terris
1393 780 1755 856 tam·'ferox
1803 793 1987 857 natio
2024 799 2148 871 est,
2179 812 2333 877 quae
2364 801 2434 857 te
2460 814 2599 859 non
2625 794 2769 861 mess·

570 902 747 973 tuat,
778 901 896 961 aut
923 892 1185 976 diligat.
1270 893 1338 958 4.
1386 892 1630 959 Omnia
1671 893 1838 959 foris
1886 895 2178 978 placida,
2208 896 2389 960 domi
2417 916 2768 981 prospera.

570 996 882 1062 Annonae
914 997 1236 1076 ubertas;
1281 997 1617 1061 fructuum
1666 996 1886 1080 copia.
1977 998 2350 1062 Exomatae
2398 1000 2769 1065 mirandum

572 1102 641 1165 in
668 1100 966 1179 modum,
996 1120 1078 1164 ac
1123 1119 1333 1183 prope
1364 1099 1450 1163 de
1481 1100 1746 1182 integro
1794 1098 2084 1164 conditae
2119 1099 2451 1164 civitates.
2542 1101 2765 1167 Novae

569 1203 755 1286 leges
812 1202 1120 1287 regendis
1175 1203 1493 1279 moribus,
1550 1209 1619 1266 et
1671 1202 2057 1284 frangendis
2111 1203 2297 1268 vitiis
2354 1205 2766 1270 constitutae.

568 1305 895 1373 Veterum
926 1307 1362 1372 calumniosae
1393 1305 1704 1387 ambages
1737 1306 1977 1369 recisae
1997 1313 2024 1351 ‘¹
2054 1304 2407 1389 captandae
2438 1306 2766 1390 simplici-

569 1411 732 1475 tatis
777 1411 1064 1493 laqneos
1116 1407 1567 1492 perdiderunt.
1642 1411 1718 1472 ‘5.
1771 1409 2000 1474 Pudor
2043 1412 2261 1491 tutus;
2304 1409 2560 1473 munita
2606 1430 2766 1475 con-

480 1506 489 1519 “
557 1512 770 1598 jugia.
858 1513 1129 1577 Securae
1173 1511 1548 1575 facultates
1590 1511 1954 1576 ambitione
2003 1513 2109 1575 sui
2152 1511 2460 1593 gaudent,
2487 1531 2614 1576 nec
2641 1514 2764 1577 ali-

483 1600 493 1618 *
570 1618 725 1700 quis
750 1611 1042 1679 habendi
1071 1634 1276 1699 quam
1308 1613 1664 1698 plurimum
1692 1623 1956 1695 metus3
2003 1614 2123 1679 sed
2145 1615 2212 1678 in
2244 1619 2428 1679 tanta
2446 1615 2764 1682 bonorum

568 1717 909 1783 affluentia
952 1736 1197 1799 magna
1245 1717 1648 1783 verecundia
1692 1736 1823 1781 non
1874 1715 2216 1781 habendi!
2292 1715 2436 1780 Hic
2476 1717 2764 1802 denique

567 1827 782 1885 status
809 1839 1021 1884 rerum
1054 1825 1179 1897 cst,
1211 1826 1281 1885 ut
1325 1820 1703 1883 obtinendae
1744 1820 1970 1902 potius
2014 1819 2357 1883 felicitatis
2395 1823 2622 1883 votum
2651 1841 2762 1903 ge-

565 1941 815 2001 ramu8‚
846 1940 1049 2006 quam
1077 1922 1400 2005 augendae
1420 1921 1859 2004 cupiditati&
1900 1922 1965 1986 6.
1996 1921 2226 1986 Unum
2249 1922 2451 1985 modo
2467 1930 2601 1999 est,
2623 1940 2762 2006 quo

565 2024 712 2090 fieri
751 2026 974 2110 possit
1018 2022 1250 2089 Roma·
1294 2025 1574 2102 felicior,
1622 2025 1991 2089 maximum
2041 2025 2332 2109 quidem,
2375 2024 2494 2088 sed
2537 2031 2763 2090 tamen

563 2128 806 2209 solum,
842 2134 920 2193 ut
949 2126 1482 2206 Constantinum,
1514 2134 2057 2193 conservatorem
2077 2140 2316 2206 suum,
2341 2135 2420 2192 ut
2450 2127 2759 2192 beatissi-

621 2329 655 2373 Ι
681 2331 789 2380 Neo
809 2331 945 2381 timet
974 2333 1058 2397 qui
1075 2329 1236 2395 opibus
1254 2328 1482 2392 abundat,
1512 2332 1597 2380 sed
1611 2360 1618 2366 ·
1624 2331 1780 2394 potius
1802 2329 1857 2378 iu
1876 2334 2011 2379 ionia
2031 2329 2254 2379 bonorum
2281 2329 2417 2393 copia
2433 2331 2586 2392 pudor
2604 2335 2675 2380 ese
2693 2330 2762 2379 iis

565 2410 766 2575 effera
783 2462 1044 2576 Ζεῗικάαηι
1061 2461 1195 2511 nobis
1207 2459 1372 2524 potius
1395 2459 1480 2523 sit,
1487 2459 1777 2519 felicitatem
1793 2464 2067 2524 perpetuam
2083 2465 2260 2525 tenere,
2280 2474 2421 2525 quom
2444 2461 2636 2510 eandem
2655 2474 2756 2508 om·

562 2539 596 2589 p
616 2540 762 2576 torem
875 2541 969 2577 ere.

1494 2616 1609 2638 θη
1618 2616 1853 2638 ‘'oue‘'

561 2730 669 2780 vin.
692 2729 865 2781 Rivin.
887 2732 954 2781 al.
979 2736 1109 2782 vett.
1159 2745 1245 2794 per
1263 2731 1435 2795 seipse
1451 2747 1503 2794 p.
1530 2731 1669 2780 ¹mutio
1684 2745 1702 2778 .-
1734 2735 1785 2780 εἰ
1802 2746 1853 2793 p.
1879 2730 1948 2778 R.
1971 2745 2036 2779 m.
2051 2744 2095 2778 o.
2119 2735 2157 2779 t.
2179 2731 2401 2779 secunda.
2463 2729 2761 2790 Amicitiam,

560 2799 642 2860 qv.
695 2796 920 2860 Guelph.
940 2812 1025 2861 per
1059 2811 1110 2846 se
1148 2798 1270 2860 ipsa.
1339 2799 1640 2846 Lectionem
1659 2796 1904 2845 “nostram
1931 2811 1961 2844 e
1984 2795 2100 2845 cod.
2137 2796 2336 2844 Bet-tin.
2375 2797 2575 2856 recepit
2597 2794 2757 2844 Grut-

558 2874 782 2925 eumqne
807 2864 972 2911 secuti
995 2870 1113 2911 sunt
1137 2869 1361 2911 recentt.
1397 2862 1625 2910 Romame
1645 2860 2024 2922 magnitudinem
2046 2860 2273 2924 Guelph.
2328 2861 2474 2923 Mox,
2496 2862 2545 2908 in
2569 2861 2754 2910 eodem

561 2926 681 2977 eod.
706 2932 803 2976 tam
824 2927 940 2987 fera
975 2927 1223 2976 παιὼν-4
1251 2927 1427 2976 Omnia
1446 2927 1580 2984 soris
1596 2926 1775 2989 placita
1797 2925 1970 2976 Livin.
1989 2927 2056 2974 P.
2078 2927 2259 2990 steph.
2284 2924 2448 2974 Banu.
2472 2926 2627 2975 Grut.
2651 2926 2760 2974 Pa-

558 2992 817 3055 risienses‚
837 2993 1071 3043 Patarol.
1096 2994 1285 3042 cellar.
1330 2992 1517 3040 -Omnia
1535 2993 1589 3051 s.
1606 2992 1794 3055 placida
1809 2991 1951 3041 Gnd.
1972 2992 2189 3054 Cnspin.
2210 2992 2412 3040 Puteol.
2431 2992 2656 3040 Rhensn.
2679 2990 2755 3038 H.

558 3058 742 3120 Steph.
763 3060 902 3119 qnod
926 3059 1187 3107 revocavit
1209 3059 1242 3110 J
1250 3071 1407 3120 aeger.
1476 3057 1560 3106 An
1580 3072 1674 3105 nou
1703 3056 1919 3107 ubertate
1939 3071 1960 3113 ‚-
1986 3057 2037 3115 s-
2057 3056 2190 3120 copia
2210 3061 2458 3105 exornata»
2480 3056 2602 3105 edd.
2622 3063 2756 3105 vett.

555 3123 747 3172 ubertas
769 3123 909 3174 Gud.
929 3124 1102 3172 Moerl.
1153 3137 1353 3172 annom
1372 3121 1563 3171 ubertas
1584 3123 1710 3171 Vet.
1751 3123 1976 3171 Putean.
2037 3135 2236 3171 onnonoe
2259 3123 2415 3169 etiam
2440 3122 2568 3170 Exc.
2591 3121 2759 3183 Lang-

557 3187 698 3236 unde
737 3202 910 3237 veram
945 3189 1219 3238 lectionem
1261 3189 1602 3237 restituerunt
1634 3187 1841 3237 Acidal.
1873 3195 1929 3236 et
1965 3186 2131 3235 Livin.
2206 3187 2475 3235 mirandum
2501 3187 2553 3236 in
2586 3200 2756 3234 nomen

559 3251 880 3314 Guelpherb.
925 3254 1149 3314 gerendis
1170 3254 1377 3301 moribus
1398 3253 1606 3301 Puteol.
1638 3253 1850 3314 Cuspin.
1882 3252 2116 3301 Rhe-nan.
2157 3252 2337 3314 Steph.
2377 3252 2540 3301 Livin.
2582 3251 2758 3299 Rivin.

555 3318 781 3378 regendis
815 3319 1022 3368 moribus
1043 3320 1166 3366 Vet.
1199 3318 1427 3367 Putean.
1450 3318 1573 3366 Vet.
1611 3317 1774 3365 Livin.
1800 3318 2001 3366 Bettin.
2035 3318 2211 3367 Moerl.
2241 3316 2559 3380 Guelpberb.
2591 3316 2751 3365 Grut.
2785 3358 2795 3363 -

557 3390 613 3430 et
638 3392 859 3432 recentt.
879 3387 934 3431 et
957 3383 1030 3431 sic
1054 3385 1234 3445 legunt
1256 3381 1399 3431 Pith.
1424 3388 1479 3431 et
1502 3381 1658 3431 Fabr.
1693 3384 1936 3443 erigendis
1955 3383 2158 3432 Acidal.
2200 3398 2258 3430 sc
2277 3383 2569 3444 frangendis
2591 3382 2755 3430 Guel-

555 3446 837 3511 pherb.·--5
868 3449 1057 3497 Pudore
1078 3454 1160 3497 tuo
1182 3447 1395 3497 Puteol'.
1419 3447 1659 3495 Rhenan.
1684 3447 1867 3510 steph.
1903 3448 2070 3498 Livin.
2102 3449 2274 3497 Rivin.
2309 3451 2378 3496 al.
2402 3456 2529 3496 vett.
2582 3446 2754 3494 Pudor

555 3517 690 3563 tutus
712 3513 935 3575 Guelph.
956 3513 1078 3562 Vet.
1098 3514 1302 3562 Bet-tiu.
1325 3512 1499 3563 Μαι-1.
1520 3512 1650 3561 Exc.
1672 3513 1962 3563 Schonhov.
1983 3515 2137 3563 Grnt.
2158 3520 2216 3562 et
2239 3520 2462 3562 recentt.
2520 3511 2536 3538 ‘
2556 3511 2756 3560 Putea-

554 3592 651 3627 nus
685 3579 900 3643 conjicit
938 3579 1131 3627 Pudore
1168 3582 1288 3638 tuto,
1326 3577 1462 3642 quod
1510 3578 1677 3626 minus
1712 3575 2095 3627 necessarium!
2137 3578 2324 3640 Jaeger.
2371 3575 2623 3626 ambitione
2666 3592 2759 3625 sua

553 3643 781 3708 Guelph.
814 3646 962 3704 Mox,
982 3658 1157 3706 magna
1178 3644 1329 3692 deest
1353 3644 1404 3692 in
1431 3643 1615 3692 eodem
1636 3646 1752 3693 cod.
1795 3647 2026 3704 augenda·
2043 3644 2358 3706 cupiditatem
2376 3643 2511 3705 conj.
2535 3642 2758 3690 Ritters.

554 3725 603 3758 a.
622 3710 906 3772 cupiditates
938 3706 1245 3758 *Acidal--G
1284 3708 1452 3760 Livin.
1475 3709 1635 3759 Grut.
1660 3710 2004 3772 Parisienses,
2029 3709 2261 3757 Patarol.
2299 3709 2493 3760 cellar.
2523 3721 2609 3769 quo
2626 3707 2756 3772 fieri

550 3780 708 3836 posset
722 3790 745 3832 ,⁰
806 3776 978 3825 Moerl.
1000 3775 1226 3839 Guelph.
1249 3775 1459 3824 Puteol.
1499 3775 1716 3838 Cuspius
1737 3776 1980 3827 ,Rhenum
2002 3775 2188 3837 Steph.
2227 3774 2401 3823 Rivin.
2425 3773 2619 3834 Jaeger.
2660 3787 2755 3834 quo

542 3839 661 3903 fieri
675 3840 856 3903 possin
894 3841 1031 3907 quod
1053 3851 1255 3891 mutare
1292 3855 1399 3890 non
1430 3840 1701 3891 debuisset
1726 3842 1895 3890 Livin.
1918 3842 2140 3890 alterum
2176 3840 2311 3889 enim
2346 3838 2582 3904 postulat
2606 3852 2744 3901 prae-

1538 3997 1590 4047 N
1598 3996 1762 4047 OTAE

617 4099 644 4133 Ρ
664 4094 834 4143 Persoe
845 4093 961 4159 ipsi]
986 4093 1162 4144 Persoe
1179 4094 1380 4157 legatos
1398 4094 1469 4143 ad
1482 4095 1620 4144 Con·
1753 4103 1778 4137 ι1
1821 4094 2135 4144 Columniosoe
2167 4091 2388 4154 ambages
2412 4088 2600 4152 recisoe]
2632 4087 2761 4138 Hoc

551 4172 836 4221 stantinum
874 4172 1126 4222 miserunt
1162 4171 1230 4221 de
1258 4172 1487 4235 petenda
1509 4172 1620 4236 ejus
1689 4170 1758 4218 de
1779 4171 2124 4220 Constantino
2143 4167 2399 4225 ποίει-ωας
2423 4166 2603 4217 Aurei.
2627 4164 2761 4216 vic-

553 4245 799 4296 amicitis.
1695 4257 1777 4297 tor
1800 4253 1856 4298 et
1878 4247 2073 4297 Euseb.
