3084 4959
460 350 636 441 1256
1230 367 1573 418 Buranun.
1608 366 1888 416 o‘aA'rlo

463 519 580 583 aut
606 513 840 597 ipsius,
867 513 996 598 qui'
1013 530 1180 580 auro
1208 512 1505 579 creditur
1534 511 1839 590 fluxisse,
1869 508 2387 592 Pactolif‘ffcum
2416 508 2649 591 divina

458 617 605 684 haec
638 617 1015 682 testimonia
1036 616 1352 682 omnibus
1369 617 1656 694 divitiis,
1679 622 1883 701 atque
1905 616 2076 700 ipsis
2097 635 2323 700 eorum
2348 614 2645 697 praemiis

460 721 906 801 anteponam?
993 719 1059 783 2.
1122 719 1278 787 Nisi
1322 719 1490 784 forte
1538 719 1914 804 Pythiados
1957 719 2166 796 illius,
2210 717 2647 791 excellentem

462 822 762 888 Socratis
779 831 803 859 ⁸
833 822 1230 906 sapientiam
1252 822 1656 893 vaticinatae,
1682 828 1802 885 aut
1823 820 2353 903 magnificentius
2383 836 2647 884 carmen

460 928 726 992 videtur
765 932 885 991 aut
911 926 1153 1002 veriuS,
1187 946 1386 1011 quam
1415 925 1594 1011 quod
1621 924 1668 989 J
1671 926 1810 990 cvii
1838 925 2307 1010 ⁴Herculeique
2351 942 2644 1009 pronun-

460 1032 654 1108 tiant,
685 1050 970 1116 quorum
1002 1052 1084 1096 ne
1112 1037 1317 1097 nutus
1361 1029 1634 1115 quidem
1673 1036 1979 1114 possunt,
2015 1049 2144 1095 non
2185 1029 2387 1093 modo
2438 1028 2643 1103 dicta,

458 1136 785 1200 revocari.
868 1134 935 1200 3.
986 1132 1466 1217 Quamobrem,
1518 1140 1595 1199 ut
1646 1133 1812 1209 dixi,
1853 1132 1943 1198 V.
1990 1132 2101 1210 P.,
2152 1151 2448 1198 sexcena
2487 1130 2645 1207 illa,

459 1246 782 1322 quantum
826 1238 915 1303 ad
962 1238 1276 1302 honorem
1322 1244 1615 1321 spectat,
1665 1237 1890 1320 accipi
1943 1243 2234 1321 oportet,
2286 1254 2371 1300 ea
2419 1239 2645 1299 autem

1368 1402 1427 1423 ΟΦ
1431 1400 1732 1425 omnen&

1278 1503 1391 1566 qnid
1411 1520 1516 1554 cnm
1535 1503 1652 1554 illis.
1699 1498 1807 1553 Pro
1826 1501 2055 1565 creditur,
2072 1499 2206 1563 quod
2231 1500 2477 1549 exhibent
2497 1497 2647 1548 codd.

456 1564 595 1616 Gud.
620 1565 841 1614 Putean.
864 1566 1038 1615 Moerl.
1068 1568 1245 1617 dicitur
1265 1577 1413 1619 extat
1440 1571 1490 1619 in
1520 1569 1643 1620 edd.
1680 1577 1808 1618 vett.
1872 1569 2002 1617 Post
2033 1568 2198 1617 diuino
2228 1580 2511 1629 pronomen
2547 1564 2649 1613 haec

454 1631 607 1680 deest
630 1631 680 1679 in
709 1629 1011 1694 quibusdam
1035 1634 1257 1695 exempl.
1327 1635 1475 1695 Mox,
1512 1649 1606 1698 pro
1639 1650 1820 1694 eorum,
1856 1634 2074 1697 Gnelph.
2099 1632 2257 1681 habet
2285 1646 2475 1690 rerum,·
2509 1631 2647 1678 tunde

460 1693 643 1745 Arntz.
680 1697 882 1745 emend.
916 1702 1195 1758 regum—2
1227 1699 1495 1750 Vonckius
1534 1700 1691 1750 Obss.
1728 1700 1881 1748 Misc.
1918 1698 2033 1761 dap.
2067 1701 2146 1747 34.
2181 1698 2325 1760 legit,
2361 1696 2488 1744 Milli
2510 1694 2648 1754 forte

457 1761 609 1825 Pyua.
629 1763 683 1810 il.
705 1777 807 1810 exc.
827 1761 1016 1812 Scor-s.
1028 1777 1075 1811 o.
1097 1764 1214 1812 haut
1233 1780 1395 1826 magn.
1415 1781 1458 1814 c.
1479 1766 1689 1826 videtur,
1702 1765 1816 1814 haut
1837 1765 1992 1814 umus
2002 1780 2023 1822 ,·
2047 1764 2149 1822 vel,
2173 1764 2228 1811 N
2228 1763 2315 1811 ihil
2330 1763 2467 1821 sorte
2483 1761 2637 1823 Pyra.

454 1825 587 1876 illius
605 1842 708 1876 exc.
731 1826 787 1875 S.
807 1841 906 1888 sap.
927 1832 1025 1876 vot.
1047 1834 1129 1876 out
1151 1843 1215 1878 m.
1234 1844 1277 1878 c.
1296 1831 1499 1891 videtur,
1519 1837 1606 1880 out
1628 1830 1783 1879 verius
1796 1847 1816 1889 ,-
1849 1839 2007 1892 atque
2042 1829 2172 1877 hanc
2203 1828 2410 1891 quidem
2440 1825 2646 1875 emend.

458 1892 621 1952 priori
659 1891 965 1954 praetulerit.
1030 1892 1206 1941 Moerl.
1241 1902 1296 1943 et
1319 1896 1460 1945 Gnd.
1490 1895 1769 1959 sapientiam
1803 1895 2128 1944 vaticinantis.
2197 1893 2301 1942 Pro
2320 1891 2438 1942 Jom‘
2459 1891 2649 1940 Hercu·

454 1958 601 2018 lique,
638 1957 774 2018 qnod
809 1957 1059 2006 exhibent
1092 1958 1211 2008 edd.
1247 1967 1374 2011 vett.
1407 1961 1543 2010 devii
1566 1961 1877 2023 Hert-aliique
1898 1961 2032 2022 conj.
2051 1957 2258 2009 Acidal.
2281 1966 2337 2008 et
2359 1958 2435 2006 sic
2459 1957 2649 2019 legitur

456 2023 508 2070 in
540 2020 654 2072 cod.
679 2021 902 2086 Guelph.
929 2022 1058 2072 Exc.
1079 2023 1366 2075 Schonhov.
1385 2027 1504 2075 edd.
1526 2026 1682 2076 Grut.
1708 2026 1879 2075 Rivin.
1907 2030 1953 2074 1.
1974 2032 2031 2074 et
2063 2027 2383 2074 recentt.—-3
2420 2022 2647 2085 Guelph.

457 2095 513 2137 et
535 2087 653 2137 edd.
677 2088 1016 2152 antiquiores,
1036 2095 1259 2140 sexcenta
1278 2091 1377 2141 illo.
1428 2092 1551 2141 Vct.
1575 2092 1802 2142 Putean.
1821 2092 1995 2141 Moerl.
2018 2098 2070 2139 et
2096 2090 2235 2141 Gud.
2268 2088 2419 2152 accipi
2437 2091 2649 2151 oportet.-

523 1500 660 1551 CAP.
682 1513 807 1549 xvr.
856 1504 882 1548 1
920 1499 1050 1550 Cod.
1073 1501 1247 1551 Moerl.

1442 2256 1670 2308 No'rAE

457 2350 696 2402 beneficii
737 2352 857 2402 loco
901 2351 1233 2414 obtinuisset,
1278 2360 1336 2403 ut
1371 2355 1515 2419 quic·-

457 2431 579 2495 qnid
601 2431 902 2496 attingeret,
937 2446 1091 2494 porro
1112 2433 1166 2482 in
1190 2447 1368 2482 aurum
1399 2448 1514 2482 ver·

1598 2370 1697 2405 vox
1717 2370 1866 2419 qnam
1889 2362 2032 2406 esset
2053 2369 2193 2420 vers,
2216 2367 2350 2403 nnnc
2368 2367 2425 2403 se
2444 2350 2649 2401 demum

1595 2431 1905 2494 intelligere.
1974 2433 2094 2485 Quo
2133 2432 2311 2481 audito
2344 2432 2512 2495 Cyrus
2548 2441 2647 2494 non

456 2514 694 2569 teretur3
727 2522 843 2558 cum
881 2516 936 2558 et
970 2509 1088 2572 ipsi,
1125 2525 1252 2575 quos
1292 2511 1514 2572 attinge·-

456 2583 571 2644 bat,
593 2584 696 2633 cibi
718 2585 769 2633 in
795 2598 971 2634 aurum
996 2592 1336 2643 mutarentur.
1361 2587 1515 2650 paulo

456 2660 660 2724 quidem
714 2661 874 2710 serius
927 2676 1033 2710 suae
1079 2662 1218 2711 illum
1262 2664 1515 2726 poeuitere

457 2739 616 2801 coepit
639 2740 1015 2802 imprudentiae.
1070 2741 1243 2792 Quare
1258 2741 1431 2803 jussus
1452 2742 1516 2790 ab

458 2816 639 2867 eodem
678 2817 881 2866 Baccho
921 2817 971 2865 in
1013 2817 1232 2867 Pactolo
1269 2816 1425 2867 fluvio
1461 2834 1516 2867 se

455 2891 667 2942 abluere
690 2892 910 2957 pristino
940 2893 1097 2941 statui
1121 2894 1392 2943 restitutus
1414 2901 1516 2944 est.

456 2969 706 3019 Ceterum
721 2984 786 3019 ex
800 2985 865 3019 eo
879 2978 1116 3032 tempore
1129 2971 1378 3020 Pactolus
1391 2986 1516 3022 auro

456 3043 620 3098 fluere
656 3048 836 3112 coepit.
887 3048 992 3115 ,De
1025 3048 1122 3098 hac
1154 3047 1329 3100 fabula
1357 3050 1517 3103 Ovid.

456 3124 591 3174 Met.
618 3139 681 3174 11.
704 3130 786 3175 86.

520 3208 542 3233 ⁰
568 3200 745 3262 Croesi]
768 3202 981 3260 Croesus
1003 3218 1094 3252 rex
1116 3202 1375 3266 Lydorum
1398 3200 1516 3265 fuit,

457 3276 684 3325 omnium
719 3291 846 3341 qnos
882 3280 1128 3327 memoria
1166 3278 1401 3328 celebrat
1438 3277 1513 3327 di-

352 3374 360 3381 ·
458 3349 705 3399 tissimus.
773 3350 828 3400 Is
856 3351 1114 3416 Phrygiis,
1145 3350 1513 3417 Mysiensibns‚

457 3427 761 3483 Thracibus,
776 3428 1016 3491 Caribus,
1027 3430 1388 3495 sexcentisque
1402 3430 1514 3479 aliis

454 3507 660 3570 populis
689 3504 990 3571 profligatis,
1015 3508 1157 3558 felici
1184 3523 1275 3558 sua
1303 3508 1516 3559 fortuna

454 3586 797 3651 inprimisque
845 3587 1133 3638 immodicis
1175 3588 1361 3652 opibus
1402 3589 1514 3652 plus

456 3677 611 3730 aequo
646 3661 873 3729 inflatus,
912 3666 1048 3730 Cyro
1084 3666 1364 3716 Persarum
1402 3666 1512 3730 regi

455 3740 647 3791 bellum
691 3740 871 3805 infert,
913 3758 944 3792 a
983 3757 1085 3808 qno
1130 3741 1310 3792 Sardis
1346 3742 1522 3792 victus·

451 3825 757 3884 captusque,
778 3824 933 3883 atque
950 3819 1057 3884 igni
1073 3819 1364 3869 damnatus:
1393 3833 1511 3869 cum

452 3894 653 3944 Solonis
686 3894 969 3945 identidem
1001 3911 1186 3945 nomen
1211 3896 1515 3960 appellarer,

454 3970 740 4019 sciscitanti
767 3971 925 4034 Cyro.
956 3970 1078 4043 quid
1114 3971 1157 4021 is
1193 3971 1402 4020 tandem
1423 3972 1515 4020 ho-

454 4047 607 4096 minis
641 4056 799 4109 esset,
832 4048 1202 4098 Atheniensem
1236 4047 1395 4099 fuisse
1436 4064 1517 4098 sa-

460 4124 687 4189 pientem
707 4125 993 4190 respondit,
1016 4128 1176 4192 quise
1195 4128 1316 4177 olim
1342 4127 1515 4178 admo·

454 4202 651 4264 unisset
687 4209 703 4231 ‘
727 4205 995 4254 mortalem
1036 4211 1157 4254 ante
1191 4204 1390 4254 obitum
1425 4218 1515 4254 ne·

458 4280 647 4331 minem
684 4280 790 4331 dici
826 4280 1033 4333 beatum
1070 4289 1314 4349 oportere
1331 4282 1366 4333 ε’
1397 4298 1515 4349 qna‘.

1594 2510 1756 2558 solum
1780 2509 1969 2559 homini
2000 2511 2258 2573 pepercit,
2289 2506 2649 2568 seddeinceps

1596 2585 1647 2633 in
1673 2587 1837 2649 pretio
1859 2585 2058 2634 habuit.
2094 2584 2251 2636 ovid.
2282 2583 2348 2632 de
2373 2584 2543 2633 Ponto
2568 2595 2650 2631 tv.

1594 2667 1644 2712 3.
1676 2654 1756 2714 st.
1798 2664 1814 2691 ‘
1845 2664 2035 2713 Divitis
2080 2663 2261 2712 andita
2303 2670 2383 2711 est
2422 2661 2505 2709 cui
2549 2674 2650 2708 non

1597 2745 1867 2809 opulentia
1891 2744 2055 2793 Croesi
2070 2743 2106 2793 θ’
2151 2745 2359 2793 Etcum
2383 2742 2652 2790 immensas

1599 2836 1725 2883 opes
1737 2819 2024 2884 significare
2041 2820 2284 2875 volumus,
2301 2818 2473 2868 statim
2492 2816 2651 2866 Croesi

1598 2897 1807 2946 divitias
1843 2897 2074 2947 dicimus.
2144 2897 2229 2945 De
2264 2909 2328 2944 eo
2363 2894 2481 2942 vide
2515 2891 2652 2957 apud

1605 2973 1801 3023 Herod.
1825 2989 1863 3024 π.
1885 2978 1968 3025 26.
2182 2976 2187 2981 ’

1660 3049 1684 3083 ‘¹
1717 3049 1933 3113 Pactoli]
1968 3050 2215 3100 Pactolus
2248 3047 2434 3098 fluvius
2470 3045 2648 3111 Lydiae

1597 3128 1915 3189 notissimus,
1938 3142 2003 3176 ex
2025 3128 2206 3176 Tmolo
2229 3133 2400 3176 monte
2423 3139 2516 3189 per
2531 3123 2649 3173 Sar·

1598 3204 1809 3255 dianum
1845 3220 2024 3268 agrum
2061 3205 2113 3254 in
2155 3205 2407 3254 Hermum
2440 3199 2648 3252 fluvium

1596 3282 1836 3345 influens,
1882 3282 1984 3332 alio
2026 3282 2235 3331 nomine
2274 3277 2649 3343 Chrysorrhoes

1596 3359 1806 3410 dicitnr.
1851 3360 1939 3408 De
1957 3357 2123 3408 arenis
2140 3357 2256 3423 ejus
2278 3354 2444 3409 aureis
2462 3355 2650 3419 passim

1594 3435 1731 3502 apud
1756 3434 1956 3499 poetas.
2210 3446 2215 3449 ⁴
2312 3452 2317 3459 ·

1657 3522 1680 3548 ⁰
1696 3513 1953 3578 *Scor-otis]
1988 3510 2334 3576 Philosophus
2346 3564 2353 3571 ⁴
2365 3509 2467 3559 fuit
2490 3508 2652 3559 Athe-

1593 3592 1785 3641 niensis
1809 3598 1959 3640 uatus
1989 3589 2200 3654 olymp.
2224 3600 2470 3638 Lxxvnr.
2536 3585 2653 3635 Pri-

1593 3683 1707 3718 mus
1730 3667 1956 3718 omninm
1974 3665 2346 3730 philosophiam
2363 3664 2651 3715 naturalem

1592 3746 1645 3794 in
1660 3740 1901 3795 moralem
1917 3742 2183 3792 transtulit
2197 3740 2406 3805 Olymp.
2418 3745 2654 3795 §xxxvt-

1594 3822 1713 3874 Quo
1738 3829 1970 3885 tempore
2003 3820 2231 3869 divinum
2258 3819 2533 3869 Platonem
2562 3832 2653 3869 au-

1597 3898 1817 3947 ditorem
1872 3896 2076 3959 habuit,
2127 3901 2343 3959 tumque
2398 3894 2654 3960 Apollinis

1596 3974 1809 4024 oraculo
1861 3971 2085 4022 omnium
2127 3972 2529 4033 sapientissimus
2572 3977 2656 4022 est

1586 4051 1873 4116 judicatus.
1957 4047 2246 4098 Accusatus
2296 4055 2470 4098 tamen
2514 4047 2653 4113 quod

1597 4137 1650 4178 et
1686 4128 1754 4179 de
1787 4127 1903 4177 Diis
1942 4127 2073 4176 male
2111 4125 2351 4186 sentiret,
2387 4133 2441 4174 et
2462 4126 2651 4189 juven-

1596 4212 1763 4255 tutem
1785 4208 2159 4265 corrumperet,
2183 4199 2452 4251 damnatus
2467 4207 2655 4264 morte,

1595 4284 1815 4338 cicutam
1828 4280 2191 4344 bibetejussus
2205 4287 2284 4330 est
2299 4279 2453 4344 Olym
2460 4294 2512 4344 p.
2524 4292 2654 4332 xcv.
