3084 4959
549 351 725 419 1498
1560 371 1743 418 vrrs

550 530 787 582 eorum
828 513 1066 579 luxum
1113 520 1185 579 et
1229 513 1598 593 mollitiem,
1644 515 1768 581 sed
1809 532 1886 580 se
1929 514 2154 599 ipsam
2200 534 2532 585 accusare
2564 517 2751 601 quod

548 638 671 685 eos
696 617 949 683 imitari
973 635 1110 682 non
1139 623 1395 700 posset.
1468 616 1901 684 Mamertinus
1931 619 2168 685 consul
2196 620 2558 701 gratiarum
2583 622 2751 695 actif

549 741 751 788 onem
790 719 929 803 agit
964 720 1351 804 imperatori
1390 740 1517 804 pro
1553 721 1909 788 consulatu
1941 741 2144 805 quem
2174 721 2300 787 hoc
2333 742 2514 789 anno
2540 726 2751 805 gessit

549 844 706 893 cum
735 821 1016 889 Navita.
1074 821 1385 888 Julianus
1412 808 1862 891 Athanasium
1886 826 1958 891 in
1985 825 2257 891 exilium
2289 826 2521 902 mittit,
2551 825 2752 893 Aria·

548 928 659 991 nis
698 927 805 990 ita
845 924 1384 1008 deprecantibus.
1472 926 1883 1007 Christianos
1914 929 2287 995 liberalium
2319 931 2558 996 artium
2586 929 2748 995 doc-

549 1037 736 1094 tores
790 1029 893 1093 ita
945 1027 1339 1107 insectatur,
1392 1035 1465 1095 ut
1511 1029 1996 1110 Probmresius,
2046 1032 2356 1114 quamvis
2403 1034 2474 1097 in
2523 1033 2750 1103 edicto

549 1131 953 1196 nominatim
1021 1139 1370 1215 exceptus,
1441 1132 1822 1211 MusoniuS,
1886 1141 1957 1199 et
2027 1133 2297 1199 Marius
2349 1133 2752 1205 Victorinus

551 1235 853 1301 scholam
896 1234 1323 1301 deseruerint.
1411 1237 1863 1303 'lhemisttum
1892 1256 2056 1304 vero
2102 1238 2600 1322 philosophum,
2632 1239 2750 1312 Lif

549 1339 827 1402 banium
872 1337 1261 1421 sophistam,
1292 1338 1710 1413 Oribasiurn,
1736 1339 2217 1422 Pergamenum
2250 1340 2579 1424 quendum
2608 1360 2751 1407 mes

552 1432 805 1520 dicum,
857 1439 1235 1506 Maximum
1278 1443 1618 1526 cynicum,
1661 1443 2058 1509 Ecebolium
2109 1442 2507 1527 sophistam,
2546 1445 2758 1511 alios·

547 1564 684 1628 que
728 1544 954 1628 impiae
997 1544 1395 1627 gentilitatis
1443 1545 1861 1629 professores
1910 1545 2190 1611 summis
2238 1546 2604 1615 bonoribus
2641 1547 2750 1613 in-

554 1647 776 1730 sig-nit.

662 1835 751 1903 A.
786 1836 971 1905 U.C.
1005 1853 1281 1902 mcxvr.
1340 1838 1596 1905 Christi
1627 1854 1998 1905 cccnxm.
2060 1838 2318 1908 Juliani
2346 1840 2518 1927 Imp.
2555 1859 2638 1905 n.

1395 1943 1602 2007 AEtat.
1634 1958 1906 2005 xxxn.

632 2075 949 2141 Julianus
989 2094 1104 2141 rv-
1149 2077 1408 2154 consul,
1444 2078 1663 2142 ascito
1713 2078 1784 2141 in
1837 2077 2165 2161 collegam
2203 2077 2562 2156 Sallustio,
2595 2078 2742 2145 ido-

547 2182 766 2248 lorum
814 2181 1000 2246 cultu
1051 2181 1182 2246 sibi
1231 2181 1804 2265 conjunctissimo,
1836 2190 1993 2268 post
2026 2183 2326 2267 hyemem
2357 2180 2742 2248 Antiochiae

546 2290 977 2362 transactam,
1008 2282 1222 2367 pridie
1254 2280 1489 2348 Nonas
1529 2283 1814 2349 Martias
1857 2284 2009 2348 inde
2053 2284 2414 2367 digressus,
2441 2285 2743 2369 Euphra-

460 2398 464 2405 '
545 2390 678 2450 tem
710 2385 964 2470 trajicit
995 2402 1130 2449 vu.
1176 2384 1345 2449 Idus
1372 2384 1656 2469 Apu-ilie,
1687 2394 1754 2452 et
1783 2388 2061 2453 urbibus
2105 2386 2370 2472 aliquot
2410 2389 2477 2454 in
2512 2390 2744 2455 itinere

544 2488 973 2570 expugnatiS,
1006 2484 1515 2572 Ctesiphontem
1544 2489 1882 2573 pervenit:
1927 2491 2046 2553 ubi
2084 2509 2241 2554 cum
2284 2509 2515 2574 pugna
2561 2511 2740 2556 com·

545 2592 760 2655 missa
788 2599 962 2656 esset
991 2593 1233 2676 ipsein
1265 2594 1649 2676 promiscua
1678 2596 1872 2659 turba
1899 2594 2143 2676 sagitta
2172 2594 2611 2658 transfoditur
2636 2610 2743 2658 vr.

548 2691 709 2757 Kal.
763 2693 906 2758 Jul.
998 2693 1064 2761 A
1121 2715 1259 2780 quo
1308 2716 1470 2762 vero
1524 2699 1915 2763 vnlneratus
1973 2697 2171 2761 fuerit
2228 2697 2301 2760 in
2359 2696 2561 2763 dubio
2618 2705 2745 2763 est.

546 2794 789 2861 Utrum
836 2817 878 2862 a
919 2797 1138 2864 Persa
1185 2799 1542 2883 transfuga,
1592 2806 1667 2864 ut
1712 2808 1819 2865 est
1859 2799 1928 2864 in
1957 2799 2271 2884 Epitome
2301 2799 2626 2877 Victoris,
2655 2820 2741 2865 an

545 2900 635 2963 ab
663 2919 797 2965 uno
824 2919 864 2964 e
891 2903 1052 2979 suis,
1082 2907 1159 2968 ut
1189 2903 1284 2969 ait
1311 2901 1734 2981 Ammianus,
1780 2922 1869 2969 an
1910 2922 1953 2967 a
1998 2901 2402 2980 Christiano,
2432 2909 2512 2969 ut
2534 2903 2741 2968 habet

545 3002 894 3083 Libanius,
937 3024 1025 3069 an
1071 3024 1115 3070 a
1162 3007 1485 3073 Daemone
1532 3008 1717 3091 ipso,
1766 3015 1844 3072 ut
1887 3006 2092 3072 tradit
2135 3006 2455 3072 Callistus
2480 3005 2739 3071 Juliani

543 3106 846 3185 satelles,
892 3109 1008 3191 qui
1045 3109 1192 3194 ejus
1234 3130 1342 3177 res
1380 3118 1611 3195 gestas
1660 3112 1951 3178 carmine
1994 3110 2263 3175 heroico
2311 3110 2572 3174 conseri
2580 3110 2738 3192 psit,

545 3226 636 3272 an
666 3210 754 3274 ab
785 3211 1062 3292 angelis,
1096 3221 1173 3277 ut
1199 3214 1397 3279 refert
1419 3211 1785 3297 Gregorius
1828 3213 2325 3290 Nazianzenus,
2355 3232 2443 3276 an
2473 3212 2738 3294 demum

545 3330 587 3375 a
615 3309 949 3378 Mercurio
995 3324 1300 3399 martyre,
1341 3325 1416 3381 ut
1459 3317 1923 3382 Damascenus
1970 3314 2343 3382 asseritex
2391 3313 2734 3393 Helladio‚

545 3414 654 3479 cui
683 3414 942 3479 socium
972 3414 1347 3481 Artemium
1377 3428 1732 3503 martyrem
1764 3418 1951 3484 addit
1981 3416 2436 3502 Nicephorus.
2511 3416 2734 3492 Certe,

542 3518 761 3600 inquit
790 3514 1150 3602 Gregorius
1178 3518 1680 3601 NazianzenuS,
1725 3520 1968 3587 vulnus
2006 3522 2319 3585 universo
2366 3521 2509 3586 orbi
2556 3519 2734 3584 salu-

543 3624 683 3684 tare
700 3618 1020 3686 Julianus
1050 3623 1353 3706 accepit;
1392 3624 1659 3708 hacque
1688 3630 1901 3691 morte
1931 3624 2017 3688 iis
2048 3624 2379 3698 omnibus,
2412 3643 2586 3707 quos
2617 3642 2737 3707 per

544 3740 870 3790 summam
902 3724 1360 3793 crudelitatem
1402 3728 1848 3808 interfecerat,
1867 3727 2117 3793 litavit.
2203 3726 2420 3792 Simul
2451 3745 2536 3790 ac
2562 3745 2735 3790 mor·-

544 3825 736 3892 tifero
775 3827 1045 3896 vulnere
1091 3832 1465 3897 sauciatum
1508 3851 1586 3896 se
1633 3833 1869 3908 sensit,
1913 3835 2276 3914 exceptum
2307 3829 2508 3914 plena
2536 3848 2736 3892 manu

540 3932 928 4015 sanguinem
957 3936 1029 3998 in
1074 3936 1317 4000 coelum
1360 3935 1769 4021 projiciens:
1815 3938 1837 3970 ‘
1864 3932 2168 4013 Vicisti,¹
2211 3934 2450 4017 inquit,
2499 3937 2521 3969 ‘
2546 3932 2732 4000 Gali*

414 4034 419 4040 ’
537 4031 670 4122 laee
689 4032 729 4098 ε’
757 4036 858 4102 sic
890 4034 1224 4102 Christum
1256 4057 1379 4121 per
1403 4037 1764 4103 ludibrium
1793 4036 2205 4121 appellabat.
2291 4035 2404 4101 Ita
2427 4035 2734 4100 Theodo-

540 4141 747 4200 retus.
813 4137 927 4217 Et,
962 4142 982 4173 ‘
1008 4139 1331 4205 Saturare
1363 4139 1768 4206 Nazarene.’
1838 4140 1947 4204 Ita
1976 4130 2422 4223 Nicephorus.
2487 4138 2737 4202 Statim

512 4238 836 4307 0‘relatus
864 4240 934 4306 in
977 4248 1196 4309 castra
1237 4241 1459 4308 hiante
1496 4244 1701 4313 latius
1742 4242 2015 4311 suffossi
2063 4242 2293 4309 lateris
2340 4241 2739 4318 vulnere,·et
