3084 4959
493 375 668 444 1362
1038 427 1050 437 .
1133 389 1464 443 summm
1522 387 2067 441 annexuimus

492 537 946 617 tentissimus,
975 538 1420 620 temporarius
1451 536 1568 601 ille
1601 535 1932 601 transitus
1960 534 2107 599 fuit.
2189 530 2413 599 Simili
2432 532 2713 600 navium

494 639 991 706 continuatione
1039 638 1372 703 Baianum
1405 638 1620 702 sinum
1651 638 1965 702 straverit
1995 637 2082 702 ab
2114 634 2424 718 Augusto·
2473 636 2711 702 tertius

496 743 767 824 Gaesar;
792 738 818 778 ¹‘
865 742 1160 806 delicata
1198 740 1328 805 fuit
1364 739 1486 805 illa
1515 741 1812 805 vectatio
1844 738 2186 824 Principis
2230 738 2459 803 otiosi.
2547 738 2713 804 Hoc

495 864 672 931 opus
721 849 791 910 et
842 841 1116 909 difficile
1165 841 1374 919 factu,
1425 848 1492 908 et
1542 861 1675 907 usu
1723 841 2026 908 futurum
2068 847 2175 906 est
2215 840 2713 923 sempiternum.

492 950 560 1013 5.
607 945 803 1010 Certe
845 943 1111 1028 quidem
1151 941 1300 1028 jam
1346 943 1470 1008 tibi
1514 942 1588 1007 in
1634 942 1922 1015 exordio
1970 939 2119 1008 sui¹
2164 941 2463 1008 hostium
2507 942 2715 1007 movit

495 1046 849 1132 obsequia,
907 1046 1028 1130 qui
1085 1064 1328 1129 pacem
1397 1045 1748 1130 supplices
1819 1045 2187 1129 petierunt,
2248 1044 2711 1109 nobilissimos

494 1146 770 1215 obsides
811 1148 1219 1214 obtulerunt.
1309 1147 1422 1212 Ex
1455 1166 1594 1232 quo
1644 1167 1846 1213 nemo
1887 1148 2175 1226 dubitat,
2208 1147 2372 1231 quid
2413 1145 2711 1230 perfecto

491 1258 696 1338 ponte
725 1250 964 1316 facturi
994 1251 1149 1326 sint,
1178 1250 1299 1333 qui
1318 1249 1467 1333 jam
1498 1250 1797 1315 serviunt
1823 1250 2165 1316 inchoato.

523 1364 532 1371 ·
581 1351 763 1419 cst.
823 1367 996 1422 xw.
1085 1351 1153 1413 1.
1205 1349 1496 1415 Talibus
1557 1357 1625 1414 te
1682 1370 1808 1434 pro
1867 1351 2188 1430 utilitate,
2246 1370 2330 1417 ac
2387 1351 2713 1432 dignitate

492 1446 770 1541 public‘a'
811 1454 1013 1519 rebus
1057 1453 1378 1517 intentum
1432 1460 1821 1518 averterunt
1863 1454 1934 1518 in
1981 1473 2053 1519 se
2096 1455 2257 1519 novi
2299 1459 2523 1519 motus
2567 1453 2714 1538 ejus

491 1557 845 1635 Ῑιοιιιίιιίει,ω
889 1575 1089 1639 quem
1121 1556 1554 1620 successibus
1584 1556 1724 1620 tuis
1754 1558 2054 1622 maxime
2084 1557 2307 1621 favere
2337 1557 2710 1622 decuisset.

494 1661 606 1726 De
634 1678 772 1744 quo
799 1677 952 1740 ego,
981 1656 1542 1740 quemadmodum
1592 1657 1839 1736 dicam,
1868 1655 2086 1723 adbuc
2128 1657 2333 1723 ferme
2361 1659 2615 1737 dubito,
2645 1663 2717 1722 et

495 1762 582 1827 de
643 1767 810 1826 nutu
866 1758 1161 1824 numinis
1217 1758 1314 1825 tui
1372 1765 1668 1842 expecto
1723 1760 2108 1825 consilium.
2195 1761 2264 1826 2.
2320 1759 2715 1841 Quamlibet

493 1863 667 1928 enim
711 1863 945 1927 merito
989 1860 1265 1945 pietatis
1313 1868 1449 1926 tuae
1482 1863 1840 1945 questibus
1875 1869 2214 1946 arguatur,
2245 1863 2445 1928 debet
2488 1869 2713 1928 tamen

494 1967 630 2031 sibi
674 1983 807 2029 vox
854 1963 1117 2048 privata
1161 1963 1542 2043 moderari:⁸
1593 1964 1957 2049 praesertim
2006 1985 2158 2030 cum
2204 1985 2379 2044 eum,
2426 1966 2543 2050 qui
2588 1966 2711 2031 tibi

493 2088 583 2132 ex
640 2066 847 2137 tantis
904 2065 1252 2131 beneficiis
1313 2068 1470 2141 tuiS,
1530 2073 1602 2133 et
1660 2074 1849 2138 tanto
1905 2067 2467 2151 necessitudinum
2523 2064 2711 2131 sonte

559 2276 584 2300 ⁰
615 2267 812 2318 Etenim
856 2267 970 2316 licet
1006 2273 1090 2317 tua
1121 2267 1175 2315 in
1205 2282 1312 2317 eum
1341 2267 1497 2330 pietas
1534 2268 1706 2319 hebeat
1725 2269 1913 2331 ,iustum
1951 2284 2141 2320 eanum
2166 2270 2226 2321 de
2261 2267 2364 2332 ipso
2385 2267 2713 2332 conquerendi,

493 2332 628 2381 homo
643 2337 799 2382 tamen
818 2331 1037 2395 privatus
1058 2332 1193 2382 debet
1216 2347 1301 2397 suo
1322 2333 1531 2383 sermoni
1553 2338 1741 2385 modum
1760 2349 1952 2399 ponere.

1420 2477 1786 2499 OOOOOOOOOOO

492 2589 707 2624 connexa
723 2574 787 2622 ad
812 2572 1073 2625 Baianum.
1119 2574 1292 2626 Livin.
1309 2574 1534 2638 Augusto
1557 2575 1702 2625 tertio
1728 2578 1920 2628 Coesare
1933 2592 1955 2635 ‚·
1987 2577 2113 2626 Vet.
2134 2576 2362 2626 Putean.
2386 2575 2518 2637 Aug.
2539 2575 2715 2627 tertiae

498 2641 783 2690 eman—5
815 2641 987 2690 Rivin.
1015 2647 1060 2689 l.
1082 2640 1135 2690 'et
1159 2641 1280 2691 edd.
1305 2651 1432 2691 vett.
1458 2641 1568 2703 jam
1589 2648 1694 2699 tem·
1730 2643 1854 2691 Vet.
1877 2643 2102 2692 Putean.
2129 2641 2254 2691 vet.
2281 2640 2448 2690 Livin.
2486 2640 2715 2705 Guelph.

493 2707 630 2755 Exc.
667 2705 961 2755 Scbonbov.
1001 2706 1208 2756 Bertin.
1243 2706 1462 2771 cuspin.
1506 2712 1564 2755 et
1603 2706 1723 2755 edd.
1761 2713 1986 2757 recentt.
2008 2707 2116 2767 jam
2136 2706 2244 2763 tibi,
2266 2705 2462 2770 ‘quod‚
2499 2719 2563 2755 ex
2587 2714 2714 2757 noto

494 2769 659 2820 dativi
684 2786 800 2824 usn,
824 2778 970 2821 recte
996 2773 1199 2836 recepit
1223 2771 1396 2823 Grut.’
1435 2770 1750 2821 Arutzeaiue.
1805 2772 1941 2822 Edd.
1976 2780 2107 2821 vett.
2128 2772 2183 2822 in
2205 2771 2402 2821 exordio
2420 2785 2504 2820 suo
2516 2787 2537 2829 ,-
2590 2772 2714 2822 Vet-

492 2834 720 2884 Putean.
765 2836 887 2885 vet.
934 2835 1104 2887 Livin.
1146 2837 1352 2886 nertin.
1399 2836 1612 2898 cuspin.
1652 2837 1783 2887 Exc.
1817 2837 2110 2887 Sebonhov.
2154 2836 2390 2888 ereuan.
2430 2835 2619 2899 steph.
2660 2844 2714 2887 et

497 2907 724 3015 get-eluti.
757 2901 811 2950 in
843 2915 887 2950 e.
921 2901 1017 2950 sui.
1097 2903 1231 2952 Tota
1264 2901 1376 2950 baec
1414 2900 1660 2966 periodus
1698 2916 1728 2951 a
1769 2907 1898 2953 certe
1943 2902 2007 2952 ad
2041 2901 2284 2966 petierunt
2321 2901 2511 2952 omissa
2544 2910 2623 2952 est
2658 2901 2713 2952 in

556 2981 617 3014 ue
643 2980 674 3027 p
715 2998 731 3014 .

564 3031 699 3081 cip.
723 3043 845 3079 xrv.
893 3033 921 3079 1
949 3029 1143 3080 Talibus
1162 3043 1302 3092 porro
1327 3034 1377 3079 te
1403 3030 1621 3080 utilitate
1656 3030 1885 3096 Guelpb.
1920 3032 2059 3082 unde
2099 3030 2286 3081 Arntz.
2323 3030 2464 3093 conj.
2494 3044 2637 3094 porro
2665 3036 2713 3080 te

488 3108 581 3157 pro
614 3094 845 3143 utilitate.
912 3095 1046 3143 Edd.
1082 3102 1211 3142 vett.
1249 3103 1304 3144 et
1336 3095 1512 3144 Rivin.
1549 3099 1595 3143 1.
1627 3102 1848 3147 avertunt
1871 3097 1925 3146 in
1959 3113 2043 3155 ⁸e‚·
2115 3097 2238 3147 Vet.
2278 3096 2507 3145 Putean.
2541 3095 2714 3145 Μαι-Ι.

496 3157 728 3220 Guelph.
751 3158 954 3208 Bertin.
978 3159 1191 3217 Cuspin.
1206 3158 1361 3209 Grut.
1378 3160 1803 3210 Parin.‘Patarol.
1826 3162 2013 3211 cellar.
2028 3167 2083 3210 et
2098 3168 2329 3210 recentt.
2361 3164 2640 3211 wmerunt
2661 3162 2715 3210 iu

492 3236 560 3273 se.
597 3231 613 3253 ‘
633 3223 796 3272 Recte
823 3224 1048 3272 restituit
1072 3223 1243 3272 Grut.’
1278 3224 1452 3273 Arntz.
1508 3224 1642 3273 Voc.
1660 3227 1868 3275 maxime
1889 3226 2041 3276 deest
2064 3227 2117 3274 in
2141 3226 2367 3288 Guelpu.
2432 3226 2581 3287 Mox,
2617 3239 2713 3289 pro

479 3287 660 3347 ferme,
697 3286 908 3337 Acidal.
952 3287 1090 3349 conj.
1122 3302 1209 3350 per
1242 3290 1432 3337 ηοω-2
1468 3288 1706 3338 Rhenan·
1736 3290 1923 3354 Steph.
1966 3291 2135 3342 Livin.
2179 3290 2354 3340 Rivin.
2390 3305 2485 3339 vox
2589 3290 2600 3302 ‘
2688 3305 2709 3348 ‚·

496 3352 735 3401 Rhenan.
775 3353 826 3401 in
862 3366 972 3409 ora,
1001 3352 1018 3379 ‘
1038 3352 1105 3400 al.
1143 3351 1341 3415 patria?
1377 3352 1705 3415 improbante
1739 3354 1936 3419 Jaeger.
1988 3371 2083 3405 vox
2115 3356 2304 3418 privata
2338 3355 2710 3405 Vct-Putean.

496 3409 705 3466 Ber-tin.
731 3416 862 3467 Exc.
886 3417 1046 3478 Lang.
1065 3417 1196 3467 Exc.
1221 3417 1514 3469 Scbonhov.
1536 3419 1766 3481 Guelpb.
1792 3422 2009 3484 cuspin.
2033 3421 2235 3471 Acidal.
2265 3422 2330 3470 P.
2350 3421 2534 3482 Steph-
2556 3420 2715 3471 Grut.

495 3488 550 3530 et
576 3488 803 3531 recentt.
874 3481 975 3531 eibi-
1001 3481 1151 3531 deest
1175 3482 1225 3529 in
1252 3482 1424 3538 Μαι-Ι.
1491 3484 1894 3535 necessitudinum
1910 3487 2026 3545 fore
2048 3484 2173 3534 edd.
2202 3485 2441 3551 quedam
2468 3492 2600 3535 vett.
2662 3501 2714 3536 n·

478 3546 655 3606 fucore
677 3547 807 3597 Exc.
826 3547 1117 3597 Sebonhov·
1140 3547 1268 3597 Exc.
1284 3547 1445 3609 Lang-
1467 3548 1682 3612 cuspin.
1709 3549 1774 3599 P.
1798 3550 1986 3613 Steph.
2008 3551 2203 3600 Cellar.
2228 3551 2466 3600 Patarol.
2497 3564 2549 3598 n.
2575 3550 2712 3610 jaare,

495 3613 579 3662 vel
598 3612 810 3677 soedere,
831 3612 970 3677 conj.
996 3611 1201 3662 Acidal.
1236 3628 1287 3662 a.
1306 3611 1451 3672 sonte
1473 3613 1596 3663 Vet.
1621 3615 1853 3666 Putean.
1877 3615 2018 3665 Gud.
2041 3623 2098 3666 et
2127 3616 2300 3667 Moerl.
2320 3615 2458 3677 quod
2482 3615 2712 3665 restituit

1496 3748 1715 3810 NOT'AE

560 3872 587 3907 Β
624 3872 812 3924 Tertius
837 3873 1027 3938 Coesar]
1063 3874 1316 3937 Caligula.
1344 3874 1565 3926 sueton.
1711 3884 1748 3912 Ε·
1776 3876 1900 3938 Ejus
1920 3875 2148 3940 Ιιοηιίηἰε]
2172 3874 2659 3939 Maximiani,quem
2680 3887 2713 3924 a

493 3962 614 4015 cap.
638 3954 717 4000 19.
749 3958 766 3981 ·
790 3950 1035 4001 Baiarum
1058 3950 1288 4000 medinm
1311 3950 1565 4002 interula
1645 3953 1919 4004 Maxentio
1947 3955 2168 4019 pulsnm,
2192 3953 2422 4017 ejectum
2445 3967 2509 4001 ex
2535 3950 2714 4013 Italia,

493 4030 599 4078 lum
625 4027 941 4077 Puteolanas
963 4026 1028 4075 ad
1047 4027 1207 4077 moles
1225 4028 1325 4078 tria
1344 4029 1561 4079 millium
1643 4030 1883 4080 Treveris
1898 4030 2607 4095 perhumaniter-exceperat,
2623 4042 2712 4077 ac-

495 4109 552 4152 et
586 4109 951 4154 sexcentorum
984 4103 1096 4153 fere
1128 4108 1371 4169 patenum
1398 4113 1561 4170 ponte
1644 4113 1804 4168 cepta
1837 4108 1995 4159 etiam
2031 4108 2084 4158 in
2120 4121 2333 4158 uxorem
2367 4107 2563 4156 Fausta
2596 4105 2710 4168 ejm

497 4177 806 4241 conjunxit,'
826 4182 928 4229 Arc.
1640 4180 1766 4233 fllia.

571 4251 583 4286 ¹
610 4252 672 4301 In
692 4254 893 4303 exordio
916 4253 1015 4316 sui]
1048 4254 1247 4320 Supple
1270 4255 1475 4319 imperii.
