3084 4959
513 369 688 437 1118
1239 384 1394 434 σεο
1406 383 1532 433 nm
1583 381 2006 450 ramni-io.

2467 475 2517 506 ⁴

513 534 662 598 haec
688 549 823 597 non
852 529 1303 599 vadimonium
1334 530 1642 596 ‹ie-emti
1708 528 1914 609 sane,
1944 513 2419 614 &megarius
2445 531 2726 617 aliquis,

510 636 622 701 vel
650 632 1004 701 Victorius
1052 634 1189 699 isto
1242 639 1576 719 apparatu
1621 652 1788 699 usus
1828 638 2036 714 emt,
2073 629 2494 713 haberemus,
2540 634 2728 718 quod

511 737 855 803 desideriis
885 735 1317 815 eruditorum,
1344 743 1418 801 et
1446 736 1600 820 spei
1629 729 2085 804 satisfaceret.
2171 737 2308 802 Sed
2338 737 2537 802 nimis
2563 737 2728 803 alie-

509 859 639 904 nus
670 846 816 903 erat
848 838 1146 905 Patarol.
1176 858 1222 904 a
1247 857 1322 904 re
1359 837 1626 904 critica.
1705 829 2195 906 codicessuos
2225 858 2361 905 non
2390 847 2727 924 perpetua

509 941 877 1025 diligentia,
907 941 1031 1007 sed
1065 941 1186 1006 ubi
1208 941 1473 1034 libitum
1513 945 1684 1019 erat,
1721 939 2110 1027 inspexisse
2137 948 2522 1020 contentus,
2553 961 2725 1026 pau-

508 1042 807 1108 cissimis
837 1029 1011 1109 locis
1041 1063 1243 1128 opem
1269 1041 1533 1109 exiliis
1560 1044 1765 1123 affert,
1813 1051 1880 1111 et
1918 1051 2311 1110 contextum
2363 1045 2545 1110 haud
2583 1063 2723 1110 me·

506 1145 747 1210 liorem
800 1144 1205 1225 Parmensi,
1247 1161 1453 1231 quern
1497 1147 1756 1231 ubique
1795 1152 1951 1213 ante
1995 1146 2237 1213 oculos
2263 1146 2494 1225 babet,
2523 1146 2723 1212 uobis

508 1248 846 1332 procudit.
957 1246 1337 1314 Annotatio
1396 1251 1467 1315 in
1523 1251 1734 1315 rebus
1793 1247 2193 1327 Historicis,
2251 1256 2322 1313 et
2378 1249 2727 1333 praecipue

511 1348 1013 1435 Geographicis
1036 1351 1343 1417 studiose
1384 1359 1711 1431 versatur,
1739 1352 1809 1417 in
1849 1351 2091 1417 ceteris
2121 1350 2210 1416 ad
2240 1350 2557 1416 rationem
2590 1350 2722 1416 Mi·

506 1452 865 1518 nellianam
890 1451 1031 1518 fere
1048 1454 1336 1521 accedit.
1424 1454 1602 1521 Sunt
1629 1459 1879 1534 tamen,
1907 1472 1990 1519 ne
2018 1452 2185 1539 quid
2214 1453 2381 1519 boni
2411 1452 2728 1519 dissimu-

505 1558 659 1636 lem,
688 1553 1037 1639 in⁴quibus
1066 1557 1179 1622 vel
1221 1576 1457 1641 pravae
1498 1556 1813 1623 lectionis
1856 1555 2323 1634 reformandae,
2353 1556 2459 1621 vel
2489 1555 2723 1621 confir-

507 1655 773 1722 mandae
799 1659 1033 1741 probae
1063 1677 1271 1743 opera
1301 1659 1423 1724 viri
1452 1660 1772 1744 prodesse
1796 1668 2027 1744 queat.
2094 1657 2229 1725 Sed
2263 1658 2435 1725 satis
2464 1656 2550 1723 de
2578 1657 2726 1725 his:

508 1775 597 1822 ne
619 1760 1079 1826 tantummodo
1110 1780 1459 1828 censuram
1499 1762 1786 1828 aliorum
1830 1781 2051 1846 agere,
2080 1770 2151 1828 et
2177 1761 2333 1838 viae,
2363 1779 2566 1846 quam
2595 1778 2725 1844 ego

508 1867 903 1944 persecutus
936 1880 1110 1942 sum,
1135 1863 1670 1931 demonstrandae
1702 1863 1930 1929 videar
1956 1864 2290 1930 oblivisci.

595 1964 826 2030 Prima
848 1964 1010 2030 mihi
1040 1965 1277 2030 merito
1297 1965 1422 2031 fuit
1440 1984 1603 2033 cura
1632 1971 1890 2044 textus,
1921 1966 2121 2050 cujus
2150 1966 2367 2031 multa
2381 1964 2576 2044 vitia,
2588 1983 2723 2050 ope

505 2066 848 2145 librorum,
893 2068 1245 2153 praecipue
1283 2067 1658 2148 Moerliani,
1696 2068 2065 2134 emendavi.
2155 2066 2489 2153 Equidem
2519 2066 2724 2132 facile

505 2187 831 2252 agnosco,
893 2188 1030 2235 non
1094 2171 1322 2236 omnia
1386 2171 1681 2251 vulnera,
1748 2190 1904 2256 quae
1965 2169 2393 2235 librariorum
2462 2169 2725 2237 incuria

508 2272 954 2356 scriptoribus
984 2271 1180 2339 hisce
1206 2272 1481 2352 inflixit,
1510 2291 1663 2339 esse
1699 2277 2082 2358 persanata.
2168 2271 2310 2337 Sed
2356 2272 2584 2350 malui,
2615 2289 2724 2351 ea,

507 2375 628 2440 ubi
671 2394 808 2440 non
856 2374 1136 2441 aderant
1183 2376 1721 2459 praesentissima
1769 2375 2085 2455 remedia,
2138 2391 2476 2458 suspensa
2517 2391 2725 2439 manu

505 2482 821 2553 tractare,
882 2481 1001 2541 aut
1056 2495 1328 2542 manum
1376 2478 1651 2544 omnino
1708 2479 2069 2556 abstinere,
2118 2496 2348 2561 quam,
2396 2475 2724 2541 sumenda

506 2579 842 2664 quidlibet
889 2578 1178 2644 audendi
1223 2579 1522 2660 licentia,
1569 2581 1642 2644 in
1688 2579 2270 2665 reprehensiooem
2319 2579 2723 2644 temeritatis

503 2684 854 2747 incurrere.
946 2680 1162 2746 Porro
1195 2680 1264 2743 id
1298 2700 1578 2765 quoque
1606 2680 1864 2748 efficere
1893 2681 2149 2756 curavi,
2182 2687 2282 2758 ut,
2307 2678 2483 2746 unde
2510 2680 2722 2758 lectio

507 2802 803 2868 quaeque
832 2782 1039 2847 ducta
1070 2782 1184 2859 sit,
1210 2790 1283 2846 et
1321 2783 1576 2866 quibus
1603 2783 1808 2868 quasi
1844 2782 2162 2866 gradibus
2193 2780 2282 2847 ad
2311 2797 2490 2857 eam,
2519 2797 2722 2866 quam

504 2883 736 2961 habet,
764 2881 1043 2949 formam
1072 2889 1302 2949 textus
1330 2886 1733 2969 pervenerit,
1762 2884 2195 2967 intelligatur.
2267 2882 2351 2947 In
2381 2883 2725 2969 adjumen-

505 2986 593 3051 tis
622 2984 1097 3069 interpretandi
1130 2984 1642 3054 observationes
1672 2985 2060 3065 Schwarzii‚
2088 2985 2342 3069 quibus
2370 2993 2725 3070 utrumque

506 3086 911 3174 Mamertini·
940 3086 1428 3171 Panegyricum
1470 3088 1854 3164 illustravit,
1903 3087 2512 3160 Dissertationibus
2540 3087 2721 3154 Aca·-

507 3189 789 3254 demicis
846 3189 1121 3272 publice
1179 3190 1339 3255 olim
1384 3191 1804 3275 propositas,
1854 3209 1983 3254 nec
2032 3183 2169 3254 non
2220 3205 2363 3267 eas,
2416 3209 2590 3274 quas
2635 3190 2723 3256 ad

503 3289 997 3374 Panegyricum
1020 3289 1353 3371 Eumenii,
1382 3292 1453 3356 in
1482 3311 1682 3356 usum
1701 3290 2252 3367 Praelectionnm,
2285 3292 2722 3376 conscripsit,

503 3394 805 3460 nondum
865 3393 1086 3460 adhuc
1143 3394 1419 3475 editas,·
1461 3415 1587 3461 nec
1632 3401 1854 3464 tamen
1899 3393 2209 3479 indignas
2251 3402 2524 3463 auctore
2569 3416 2721 3474 sno,

501 3496 703 3561 edere
735 3495 1065 3579 integras;
1113 3516 1204 3561 ex
1237 3498 1678 3565 annotatione
1709 3498 2117 3582 reliquorum
2152 3498 2474 3563 dilectum
2497 3497 2724 3564 facere

384 3655 395 3666 ,
502 3598 724 3665 visum
748 3602 874 3663 est.
965 3597 1548 3686 Quotiescumque
1578 3602 1757 3667 enim
1785 3620 1926 3666 rem
1965 3620 2192 3679 unam,
2224 3600 2648 3685 eandemque
2678 3621 2723 3668 a

502 3698 793 3778 duobus,
834 3699 1243 3784 pluribusve,
1304 3701 1487 3784 quod
1534 3702 1724 3768 haud
1775 3720 1930 3767 raro
1971 3700 2246 3780 accidit,
2293 3689 2720 3786 propositam

501 3801 715 3867 fuisse
749 3802 912 3882 vidi,
956 3802 1142 3869 illius
1184 3806 1654 3871 tantummodo
1695 3810 1950 3887 notam,
1992 3822 2199 3889 quam
2229 3806 2434 3887 vulgo
2465 3805 2721 3886 dicunt,

503 3904 740 3987 selegi,
766 3905 886 3988 qui
911 3905 1023 3971 vel
1055 3906 1311 3989 primus
1336 3908 1526 3974 illam
1560 3926 1703 3974 rem
1733 3908 1969 3991 tetigit,
1992 3906 2105 3972 vel
2132 3905 2431 3971 omnium
2463 3909 2719 3991 optime

500 4006 914 4092 explicavit:
961 4027 1102 4091 qua
1143 4010 1407 4076 ratione
1448 4009 1521 4076 id
1563 4029 1672 4075 me
1716 4014 2145 4076 consecutum
2190 4027 2341 4074 esse
2376 4027 2606 4094 spero,
2636 4020 2718 4078 nt

564 4185 589 4211 ⁰
623 4178 743 4228 Non
760 4178 939 4244 itaque
954 4179 1036 4230 11ae
1056 4192 1123 4229 ex
1145 4180 1420 4232 Schwarzii
1439 4180 1571 4233 edit.
1651 4181 1793 4233 inter
1810 4181 1985 4236 illasve
2003 4179 2211 4234 intersit
2232 4193 2334 4231 non
2367 4181 2549 4248 liquet.
2587 4184 2718 4233 Arn-

499 4250 746 4305 videntur
779 4256 1069 4320 translatae,
1090 4261 1150 4306 ut
1182 4257 1483 4321 suspicabar
1515 4257 1570 4308 in
1654 4258 1855 4311 tumim.

500 4327 665 4381 Praef.
692 4328 757 4381 ad
783 4338 909 4382 tom.
931 4344 972 4381 ι.
995 4344 1048 4396 p.
1069 4334 1118 4381 ⁴.
1140 4331 1264 4396 quid
1294 4332 1457 4398 igitur
1477 4334 1569 4384 hu
