3084 4959
482 313 658 383 1416
1113 329 1433 389 monum
1483 330 2031 381 muneramus

486 482 761 554 cuncta,
819 492 975 560 quae
1003 475 1102 539 -in
1158 475 1277 540 illo
1334 477 1571 560 proelio
1626 476 1867 542 feceris
1895 479 1925 540 ‘t
2019 476 2163 560 Ego
2218 496 2380 542 vero
2438 476 2677 544 iterum

486 585 789 663 queror.¹¹¹
891 577 957 645 3.
1017 577 1483 661 Prospexeras
1544 579 1793 658 omnia,
1852 578 2286 663 disposueras
2345 582 2678 660 universa,

486 681 728 747 summi
758 681 1187 765 Imperatoris
1215 680 1437 747 officia
1464 682 1949 765 compleveraS.
2037 683 2170 747 Cur
2214 684 2363 766 ipse
2391 702 2678 766 pugnas-

483 781 584 848 ti‘t
631 801 754 848 cur
798 790 864 848 te
891 782 1315 849 densissimis
1353 783 1644 849 hostium
1676 785 1894 866 globis
1925 784 2305 849 miscuisti?
2354 803 2473 849 cur
2500 784 2680 849 salu-

485 892 620 952 tem
667 886 1058 971 reipublicae
1102 886 1170 950 in
1220 886 1523 970 pericula
1566 892 1750 952 tanta
1787 886 2073 952 misisti?
2159 888 2224 951 4.
2269 884 2381 950 An
2418 888 2680 953 nescire

484 1006 612 1052 nos
662 995 889 1072 putaS,
936 988 1144 1074 quod,
1191 1009 1344 1055 cum
1400 990 1613 1055 nimio
1663 990 1987 1074 rapereris
2037 990 2289 1066 ardore,
2340 991 2431 1054 in·
2462 990 2684 1059 media

484 1090 775 1186 hostium
803 1092 944 1158 tela
972 1092 1365 1168 deveneras,
1396 1100 1489 1170 et,
1519 1093 1651 1158 nisi
1682 1077 1860 1159 viain
1887 1094 2014 1160 tibi
2043 1092 2343 1159 caedibus
2382 1093 2684 1177 aperuis-

487 1212 620 1272 seS,
666 1214 855 1278 spem
902 1196 1110 1260 totius
1163 1195 1426 1277 generis
1477 1194 1752 1260 humani
1792 1202 1858 1261 et
1905 1202 2066 1261 vota
2108 1193 2528 1277 deceperas?
2616 1199 2683 1263 5.

484 1295 663 1369 Toto
693 1297 946 1382 quippe
976 1298 1230 1380 impetu
1252 1305 1282 1332 ¹¹
1323 1296 1644 1373 ferebare,
1670 1298 1947 1363 torrenti
1975 1298 2215 1363 similis
2245 1300 2449 1378 amni,
2480 1319 2687 1385 quem

486 1402 788 1486 abruptae
815 1402 1137 1469 radicitus
1165 1403 1405 1487 sylvae,
1438 1410 1508 1468 et
1538 1404 1868 1468 convulsa
1896 1402 2198 1469 funditus
2239 1425 2412 1470 saxa
2447 1426 2689 1490 seque-

485 1513 734 1572 rentur.
819 1509 885 1570 6.
930 1505 1114 1585 Quid
1152 1506 1277 1571 tibi
1315 1512 1466 1584 est,⁰
1508 1506 1912 1590 Imperator,
1942 1527 2093 1572 cum
2124 1508 2461 1573 inferiore·
2482 1508 2687 1575 sortu-

488 1610 625 1674 na‘l
714 1609 887 1675 Illos
923 1630 1219 1693 pugnare
1257 1609 1364 1675 fas
1404 1616 1531 1689 est,
1561 1612 1804 1694 quibus
1845 1631 1971 1677 suo
2016 1611 2345 1698 cujusque
2382 1613 2526 1678 fato
2569 1618 2689 1678 aut

486 1712 887 1787 vincendum
934 1719 1056 1791 est,
1082 1720 1197 1778 aut
1241 1713 1651 1794 cadendum3
1700 1720 1798 1791 tu,
1844 1715 2037 1799 cujus
2080 1733 2169 1780 ex
2212 1715 2352 1780 vita
2395 1717 2689 1781 omnium

488 1815 635 1883 fata
678 1816 996 1899 pendent,
1036 1816 1124 1881 ad
1167 1816 1379 1881 ullum
1409 1814 1768 1881 discrimen
1807 1818 2143 1884 accedas?
2189 1818 2357 1883 inter
2400 1827 2504 1883 tot
2548 1819 2690 1884 tela

490 1916 886 2003 gladiosque
935 1919 1236 1983 versere?
1284 1918 1439 2001 quis
1480 1917 1612 1983 hoc
1668 1938 1711 1982 a
1761 1926 1823 1984 te
1873 1920 2133 2002 exigit?
2179 1928 2296 1986 aut
2339 1921 2492 2004 quis
2544 1921 2690 2005 pati

490 2021 742 2103 possit,
780 2029 857 2085 ut
894 2022 1256 2106 quicquam
1299 2022 1367 2085 in
1411 2028 1473 2085 te
1515 2021 1676 2086 belli
1722 2024 1992 2086 casibus
2029 2024 2278 2088 liceat?
2326 2023 2565 2089 deceat
2601 2030 2691 2100 te,

489 2123 884 2207 Imperator,
914 2125 1170 2190 hostem
1203 2125 1392 2188 ferire
1415 2126 1445 2187 Ἰ
1492 2124 1695 2189 immo
1725 2145 1854 2188 non
1885 2126 2082 2190 decet
2107 2126 2432 2189 laborare.

582 2225 759 2292 CAP.
812 2244 894 2293 x,
967 2229 1030 2292 1.
1079 2229 1428 2315 Spectavit
1468 2247 1556 2291 ex
1598 2228 1777 2292 edito
1818 2235 2088 2293 monteP
2133 2228 2416 2292 Xerxes
2455 2227 2692 2293 navale

493 2334 849 2395 certamen.
936 2329 1287 2413 Augustus
1345 2329 1534 2394 aliud
1589 2349 1794 2413 agens
1824 2339 1851 2378 ‘³
1925 2331 2086 2396 vicit
2146 2330 2331 2415 apud
2392 2330 2692 2395 Actium.

1410 2492 1715 2515 0000000000
1718 2492 1779 2515 υ

497 2613 628 2662 Exe.
650 2613 937 2664 Schonbov.
960 2613 1172 2678 Cuspiu.
1197 2613 1263 2664 P.
1280 2614 1460 2678 Steph.
1478 2614 1636 2665 Grut.
1660 2623 1717 2663 et
1734 2616 2056 2663 reccath—2
2077 2611 2252 2660 Moeri.
2286 2611 2479 2661 interim
2493 2625 2697 2674 queror,-

494 2677 703 2728 Acidai.
740 2679 876 2744 conj.
910 2679 1083 2729 iterum
1120 2684 1392 2744 quarm—8
1430 2681 1634 2730 Bertin.
1668 2680 1966 2742 disposueras
2003 2677 2159 2726 omnia
2195 2677 2528 2726 unionem—4
2565 2676 2697 2726 Edd.

497 2752 619 2793 ante
643 2744 826 2795 Arntz.
847 2747 970 2808 quod
989 2747 1102 2795 dum
1119 2746 1266 2794 nimio
1282 2761 1303 2804 ‚·
1357 2746 1531 2795 Moerl.
1558 2746 1680 2809 quod
1701 2760 1806 2792 oum
1828 2744 1990 2792 nimio.
2057 2744 2204 2802 Mox,
2224 2743 2465 2791 deveneris
2487 2742 2697 2791 Puteol.

495 2810 810 2860 Rhenan.R.
836 2811 902 2860 H.
924 2818 979 2859 et
998 2811 1063 2859 P.
1086 2811 1270 2872 Steph.
1291 2809 1511 2860 Chouet.
1533 2810 1702 2859 Rivin.
1727 2814 1776 2859 1.
1809 2815 1824 2836 ‘
1840 2811 2097 2858 deveneras
2118 2807 2337 2856 dederat
2363 2808 2532 2858 Lirin.
2548 2823 2695 2869 quem

496 2877 663 2925 secuti
680 2875 837 2926 Grut.
858 2884 913 2925 et
932 2877 1135 2938 reliqui,
1158 2876 1311 2939 idque
1329 2878 1559 2938 postulat
1574 2889 1791 2940 sequent
1808 2875 2086 2938 deceperas)
2109 2873 2395 2924 Arum—6
2418 2874 2548 2923 Vide
2564 2871 2698 2922 infra

499 2941 630 2992 Not.
655 2940 843 3005 Delph.
867 2941 995 2992 item
1021 2942 1177 2992 Nott.
1197 2942 1355 2990 Varr.

563 3005 700 3057 CAP.
724 3020 784 3058 x.
849 3011 876 3057 1
901 3006 1130 3071 Spectans
1152 3006 1271 3057 edd.
1293 3012 1415 3055 ante
1437 3005 1595 3056 Grnt.
1646 3003 1843 3066 Spectat
1878 3004 2001 3053 Vet.
2022 3002 2247 3052 Putean.
2298 3002 2539 3066 Spectavi!
2566 3003 2697 3051 Exe.

496 3069 669 3136 Lang.
708 3072 864 3125 Grut.
902 3081 957 3123 et
996 3081 1221 3124 recentt.
1285 3072 1534 3136 Augustus
1576 3070 1758 3135 aliquid
1792 3084 1937 3132 agens
1977 3069 2190 3132 Cuspin.
2235 3068 2469 3118 Rhenan.
2516 3068 2699 3133 Stepb.

1496 3217 1714 3272 No'rAE

501 3322 594 3369 aut
610 3315 912 3382 effugiendi,
933 3324 1022 3367 aut
1041 3325 1096 3368 te
1118 3319 1442 3385 insequendi.
1643 3317 1765 3367 dum
1801 3316 2022 3368 confido.
2090 3317 2153 3366 In
2175 3313 2407 3366 editione
2441 3316 2697 3374 Puteana,

565 3402 604 3429 ¹²¹
638 3394 821 3445 Iterum
840 3393 1034 3459 queror]
1076 3396 1157 3445 An
1182 3398 1355 3446 iterum
1379 3393 1564 3461 quero?
1647 3394 1777 3452 Quia
1798 3393 1890 3443 tibi
1909 3400 1999 3455 eet,
2021 3394 2307 3458 Imperator,
2338 3408 2443 3442 cum
2474 3393 2701 3453 inferiore

500 3487 674 3539 neque
691 3473 846 3534 enim,
868 3480 924 3523 ut
948 3479 1096 3524 notat
1115 3473 1399 3538 Acidaliae,
1415 3481 1560 3523 ante·
1627 3469 1869 3529 fortuna?
1914 3475 2013 3520 toto
2045 3471 2216 3534 quippe
2256 3470 2432 3532 impetu
2458 3467 2702 3534 ferebare,

499 3552 599 3600 bac
620 3556 831 3615 questus
853 3548 1045 3608 fuerat,
1070 3551 1159 3601 sed
1187 3551 1484 3615 qttaeoierat,
1503 3556 1563 3600 ut
1642 3547 1843 3597 torrenti
1865 3546 2058 3603 similis,
2074 3549 2154 3609 &c-

502 3628 640 3676 retio
662 3629 891 3691 suscepti
917 3628 1037 3678 belli
1055 3628 1152 3677 sibi
1178 3628 1496 3676 redderetur.
1705 3630 1733 3665 Ρ
1770 3625 1850 3672 Ex
1868 3623 1995 3673 edito
2015 3622 2193 3685 monte]
2243 3623 2323 3671 Ex
2348 3626 2522 3671 monte
2553 3621 2704 3685 AEgu·

566 3709 593 3737 ⁸
628 3704 747 3753 Toto
778 3705 949 3768 quippe
983 3705 1184 3769 impetu]
1220 3705 1395 3754 Simile
1435 3703 1562 3753 iilud
1644 3701 1746 3761 leo,
1786 3701 1876 3764 qui
1921 3715 1951 3749 e
1998 3699 2211 3763 regione
2255 3699 2529 3749 Salaminia
2576 3708 2709 3762 erat,

503 3779 709 3845 Paneg.
727 3796 788 3832 n.
812 3798 858 3832 e.
880 3788 929 3832 5.
959 3783 976 3811 ⁴
1000 3782 1140 3831 Toto
1165 3782 1361 3845 quippe
1383 3781 1565 3845 proelio
1647 3778 1855 3828 Xerxes
1909 3775 2184 3840 spectabat
2228 3776 2459 3835 classem,
2500 3790 2617 3837 quae
2676 3790 2708 3824 a

506 3857 764 3917 ferebare,
806 3874 906 3908 non
952 3860 1108 3908 aliter
1154 3873 1303 3920 quiam
1348 3870 1564 3919 magnus
1647 3854 1848 3904 Grecis
1887 3855 2040 3917 plane
2071 3853 2246 3901 deleta
2282 3859 2383 3901 est.
2450 3851 2711 3902 Herodot.

503 3935 668 3985 amnis
691 3937 827 3985 solet
850 3936 1093 4000 hyberni·
1115 3934 1360 3984 imbribus
1383 3940 1566 3983 auctus
1645 3928 1738 3981 lib.
1762 3942 1868 3977 vn.
1911 3927 2104 3979 Justin.
2141 3928 2232 3976 lib.
2268 3940 2354 3976 ιιι.
2404 3929 2562 3976 Diod.
2604 3929 2710 3979 Sic.

507 4016 564 4061 et
585 4012 845 4079 nubibus?
1650 4008 1738 4057 De
1763 4007 1940 4056 Xerxe
1955 4006 2063 4068 jam
2088 4019 2247 4067 supra
2265 4004 2484 4068 dictum,
2507 4006 2708 4072 Paneg.

481 4085 484 4087 ’
569 4096 595 4122 ⁰
630 4090 761 4146 Quid
783 4089 875 4139 tibi
895 4089 991 4152 ert]
1022 4088 1165 4137 Loco
1187 4086 1442 4138 movenda
1467 4085 1568 4136 fnit
1648 4097 1754 4134 vu.
1778 4098 1894 4146 cap.
1917 4087 2000 4133 18.
2023 4089 2133 4132 not.
2147 4079 2182 4129 1.

507 4163 711 4227 integra
751 4166 865 4214 haee
910 4164 1110 4228 phrasis
1139 4165 1298 4229 juxta
1339 4163 1567 4214 Acidalii
1698 4160 1884 4210 quiud
1898 4158 2069 4222 agens]
2095 4159 2296 4207 Bellum
2313 4157 2587 4209 Actiacum
2606 4159 2713 4210 for·

507 4248 766 4290 nentem:
800 4240 937 4305 quod
981 4240 1175 4291 nemini
1212 4253 1314 4288 non
1344 4239 1564 4304 proban·
1648 4243 1787 4289 tasse
1825 4238 1981 4287 sumit
2020 4250 2116 4300 pro
2151 4235 2346 4298 Siculo,
2382 4236 2434 4286 in
2469 4251 2571 4302 quo
2605 4237 2715 4288 Au·
