3084 4959
461 364 636 437 1324
1117 381 1440 436 mean-rt
1492 382 2042 438 muneramus

460 532 803 603 radicibus
834 529 1222 610 coalescat,j
1253 536 1524 618 tamque
1555 532 1647 597 sit
1674 530 2051 600 immortale
2072 528 2265 595 illius
2295 527 2676 613 imperium,

460 653 665 720 quam
706 634 1114 721 sempiterna
1152 634 1430 700 soboles
1465 635 1975 718 Imperatorum.
2059 632 2126 697 3.
2171 632 2353 698 Haec
2382 640 2489 698 est
2516 649 2679 700 vera

458 737 708 822 pietas,
736 739 888 803 hoec
926 737 1245 821 voluptas
1284 731 1779 802 conservandi¹¹
1825 735 2083 817 generis
2123 734 2413 809 humani,
2446 753 2677 800 exem-

414 870 421 874 ·
459 839 648 922 plum
680 839 840 904 dare
868 838 1178 921 gentibus
1205 835 1293 902 ad
1323 837 1749 902 matrimonia
1778 835 2144 902 studiosius
2174 836 2583 919 expetenda,
2605 843 2679 901 et

458 941 716 1006 liberos
762 939 1174 1018 educandos,
1214 946 1292 1006 ut
1330 938 1823 1005 substituendis
1861 939 2412 1006 successionibus
2455 937 2676 1021 singu-

457 1041 671 1108 lorum
712 1042 882 1107 nihil
921 1042 1125 1119 obsit,
1170 1059 1716 1126 unumquemque
1754 1060 1911 1122 esse
1951 1041 2322 1118 mortalem,
2351 1059 2507 1105 cum
2551 1039 2678 1104 im·-

459 1142 765 1210 mortalis
793 1139 916 1208 sit¹
959 1142 1260 1207 omnium
1289 1144 1687 1226 posteritate
1714 1142 2127 1227 respublica.
2213 1143 2279 1207 4.
2328 1139 2581 1222 Quare,
2615 1143 2677 1212 si

454 1243 644 1328 leges
682 1246 813 1324 hae,
843 1244 1289 1328 quae.mulcta
1331 1245 1610 1310 coelibes
1653 1252 2119 1323 notaverunt‚¹¹¹
2159 1250 2471 1327 parentes
2504 1263 2678 1330 prae·

459 1348 615 1413 miis
643 1345 1070 1425 honorarunt,
1093 1365 1251 1413 vere
1281 1347 1596 1412 dicuntur
1618 1366 1767 1411 esse
1791 1346 2228 1412 fundamenta
2249 1346 2678 1430 reipublicae,

457 1448 621 1534 quia
648 1448 1072 1514 seminarium
1090 1448 1490 1532 juventutis,
1513 1454 1581 1513 et
1609 1449 1813 1531 quasi
1841 1448 2097 1514 fontem
2126 1449 2404 1515 humani
2433 1468 2678 1534 corpo·-

456 1551 551 1616 ris
598 1570 867 1635 semper
920 1550 1250 1616 Romanis
1295 1551 1715 1615 exercitibus
1765 1550 2243 1630 ministrarunt,
2290 1549 2475 1635 quod
2517 1552 2677 1619 huic

460 1657 686 1719 vestro
736 1654 809 1719 in
860 1653 1350 1738 rempublicam
1401 1653 1642 1718 merito
1692 1671 2057 1736 possumus
2107 1652 2381 1735 dignum
2430 1671 2676 1722 nomeu

461 1754 846 1821 ascribere?
908 1757 973 1819 5.
1018 1756 1141 1839 qui
1180 1776 1311 1820 non
1359 1756 1626 1839 plebeia
1664 1756 1986 1839 germina,
2017 1756 2133 1821 scd
2173 1756 2675 1839 imperatoriam

460 1855 740 1940 stirpem
778 1856 1180 1941 reipublicae
1226 1859 1643 1944 propagatis,
1680 1863 1787 1936 ut,
1831 1856 2010 1941 quod
2053 1856 2408 1924 millesimo
2452 1866 2677 1940 annon,

1384 2020 1474 2043 m
1475 2016 1752 2043 0000000

457 2114 687 2169 Putcau.
709 2122 764 2168 et
786 2118 960 2189 Moeri,
1009 2122 1309 2185 prorogando
1337 2122 1530 2185 legitur
1554 2120 1605 2170 iu
1630 2120 1751 2172 edd.
1775 2125 1896 2171 ante
1917 2119 1953 2172 J
1958 2134 2113 2184 aeger.
2166 2119 2409 2169 radicibus
2439 2119 2676 2169 convales-

456 2188 537 2231 cat
560 2183 681 2232 vet.
698 2184 867 2234 Livin.
891 2185 1092 2236 Bertin.
1115 2187 1289 2236 Moerl.
1312 2194 1366 2237 et
1389 2186 1715 2251 Guelph.—8
1752 2187 1857 2236 Pro
1872 2188 2108 2250 voluptas,
2128 2183 2336 2236 Acidal.
2356 2184 2492 2248 conj.
2510 2187 2676 2235 volun·

457 2250 551 2295 tas.
585 2254 601 2278 ⁸
623 2247 688 2297 In
713 2250 797 2299 ed.
821 2250 919 2300 Ru.
945 2250 1058 2301 [aiv.
1082 2259 1138 2300 ct
1162 2252 1346 2315 Steph.
1367 2252 1583 2317 legitur,
1605 2253 1755 2302 subst.
1787 2266 1985 2301 success.
2023 2252 2152 2313 sing.
2185 2250 2308 2300 nihil
2328 2250 2449 2299 obsit
2469 2250 2678 2300 omnium

456 2314 737 2373 posteritate
769 2329 848 2363 res
880 2315 1086 2377 publica.
1143 2314 1410 2369 Acidalius
1447 2318 1713 2378 emendat,
1745 2316 1870 2365 nihil
1907 2315 2031 2365 absit
2064 2316 2271 2365 omnium
2295 2314 2577 2377 posteritate
2601 2313 2678 2363 rei

452 2375 657 2437 publice
672 2394 693 2437 ,·
716 2380 1006 2442 quoffhunc
1029 2382 1081 2430 iu
1106 2381 1311 2431 modum
1336 2382 1569 2445 explicat
1591 2400 1605 2430 ε
1643 2384 1779 2432 Dum
1802 2381 1991 2445 singuli
2015 2380 2112 2430 sibi
2135 2393 2463 2430 successores
2486 2379 2676 2429 substi-

462 2448 641 2514 tuunt,
678 2452 967 2508 propagata
999 2448 1223 2498 omnium
1264 2448 1590 2511 posteritate,
1627 2448 1771 2508 nihil,
1807 2449 1903 2497 etsi
1935 2446 2035 2509 ipsi
2061 2445 2346 2509 decedunt,
2367 2444 2574 2495 decedit
2598 2442 2676 2494 rei

462 2505 705 2568 publicae,
728 2511 821 2558 sed
842 2510 953 2561 haec
978 2512 1118 2561 velut
1138 2514 1347 2576 integra
1371 2521 1527 2576 atque
1551 2514 1734 2562 eadem
1759 2509 1965 2576 icmper
1986 2521 2084 2561 est.
2151 2511 2255 2560 Sed
2283 2511 2334 2559 in
2364 2510 2483 2560 cod.
2506 2508 2677 2559 Lirin.

460 2570 612 2620 Bert.
632 2573 837 2647 schedis
865 2576 1022 2640 Laug.
1046 2577 1206 2641 cusp.
1230 2584 1329 2638 est,
1350 2579 1474 2628 nihil
1505 2579 1647 2642 obsit,
1676 2591 2044 2640 unumquemque
2064 2590 2161 2626 esse
2182 2577 2442 2639 mortalem,
2463 2589 2568 2623 cum
2587 2574 2679 2624 im·

457 2637 676 2711 nior-talis
691 2639 757 2688 sit
776 2641 985 2690 omnium
1004 2643 1286 2705 posteritate
1304 2657 1383 2692 res
1400 2643 1605 2708 publica.
1672 2642 1902 2692 Eandem
1926 2641 2201 2691 lectionem
2225 2640 2384 2690 etiam
2409 2639 2673 2689 Schonho-

460 2713 578 2749 vius
602 2701 653 2749 in
676 2706 910 2766 margine
929 2706 1057 2755 edit.
1082 2708 1307 2759 Froben.
1331 2709 1594 2772 ascripsit.
1647 2708 1772 2758 Vct.
1793 2708 1920 2757 Put.
1938 2705 2079 2757 Gud.
2097 2713 2151 2755 et
2167 2706 2337 2756 Moerl.
2357 2719 2451 2770 pro
2469 2704 2678 2754 omniunt

458 2765 738 2829 posteritate
759 2769 977 2820 exhibet
995 2772 1123 2822 omni
1137 2774 1449 2836 posteritate.-
1473 2773 1609 2838 quod
1634 2774 1789 2823 etiam
1816 2773 1867 2822 iu
1892 2772 2122 2837 margine
2147 2771 2231 2821 ed.
2249 2769 2679 2834 Rhemetsteph.

457 2837 521 2880 ut
546 2832 749 2883 varians
772 2834 930 2885 lectio
953 2838 1234 2901 reperitur.
1299 2838 1617 2899 Pleniorcm,
1636 2838 1936 2899 certiorem,
1959 2838 2326 2902 melioremque
2350 2836 2481 2886 adeo
2504 2849 2681 2884 emen·

462 2893 675 2947 datione
714 2897 941 2949 Acidalii
982 2908 1213 2952 nostram
1245 2918 1361 2953 esse
1393 2904 1688 2960 lectionem,
1722 2902 1872 2953 facile
1905 2902 2067 2952 cuivis
2090 2909 2256 2967 patet.
2307 2901 2448 2952 Illud
2471 2900 2679 2954 omnium

463 2968 588 3039 ante
612 2976 790 3040 yocem
820 2965 1128 3029 posteritate,
1149 2968 1412 3029 omissum,
1448 2969 1626 3020 nescio
1660 2983 1762 3033 qua
1786 2969 1850 3019 de
1875 2981 2033 3018 causa
2055 2970 2136 3017 vel
2161 2982 2263 3034 qua
2286 2966 2621 3031 auctoritate,
2644 2978 2678 3016 a

460 3025 861 3086 parisiensibus,
905 3030 1154 3081 Patarolo
1199 3040 1256 3082 et
1300 3034 1542 3096 cellario,
1580 3033 1927 3084 revocandum
1967 3032 2129 3083 duxi!
2167 3034 2358 3093 Joeger.
2423 3031 2440 3059 ⁴
2464 3030 2596 3081 Inde
2637 3044 2671 3082 a

464 3090 692 3142 Grutero
714 3094 912 3144 editum
937 3103 1037 3154 est,
1061 3112 1433 3164 unumquemque
1452 3114 1553 3150 esse
1581 3101 1845 3162 mortalem,
1878 3114 1988 3148 cum
2010 3098 2293 3147 immortalis
2311 3098 2379 3145 sit
2397 3096 2678 3159 posteritate

461 3158 755 3220 respubliea3
794 3165 990 3222 praeter
1039 3162 1212 3212 Riviu.
1251 3165 1338 3228 qui
1373 3163 1640 3229 antiquam
1674 3165 1892 3215 retinuit
1930 3163 2230 3213 lectionem.
2283 3162 2482 3225 Joeger.
2513 3160 2676 3211 habet

461 3222 668 3272 omnium
686 3226 983 3290 posteritate,
1009 3227 1143 3290 quod
1170 3228 1379 3286 retinui,
1411 3230 1645 3294 quamvis
1670 3231 1896 3280 nondum
1920 3229 2040 3279 mihi
2063 3229 2207 3277 locus
2234 3226 2472 3275 videatur
2497 3240 2677 3290 persa-

356 3341 361 3346 ·
461 3292 637 3348 natus,
656 3289 751 3338 nisi
773 3292 996 3356 legatur.
1018 3294 1147 3342 omni
1168 3293 1221 3342 in
1241 3294 1549 3356 posteritate:
1572 3294 1628 3344 τὸ
1648 3293 1701 3346 in
1725 3296 2093 3345 auctoritatem
2115 3291 2269 3341 habet
2300 3306 2366 3342 ex
2389 3291 2595 3341 Bertin.
2617 3296 2676 3341 et

400 3377 403 3380 Δ
464 3349 744 3414 adjuvatur
776 3355 827 3404 in
866 3354 1019 3404 codd.
1058 3358 1110 3406 in
1152 3358 1338 3419 quibus
1375 3367 1459 3410 est
1490 3355 1655 3409 omni?
1688 3360 1969 3410 Arma-4
2006 3359 2169 3416 Quare
2198 3357 2241 3405 si
2274 3357 2310 3408 1.
2347 3371 2415 3407 eae
2447 3356 2675 3419 Guelph.

461 3414 659 3466 humani
679 3418 863 3468 roboris
885 3420 1139 3471 Grut.—5
1175 3422 1193 3449 ‘
1216 3422 1375 3487 Cusp.
1399 3432 1453 3475 et
1475 3425 1664 3487 Steph.
1691 3441 1785 3474 nou
1804 3424 1985 3489 plebeia
2002 3425 2242 3486 germina,
2270 3423 2354 3470 sed
2373 3421 2680 3484 imperatoria

459 3482 631 3548 stirpe,
660 3485 742 3548 &c-
798 3486 974 3537 Moerl.
997 3501 1114 3536 cum
1145 3486 1285 3537 Gud.
1307 3505 1399 3539 non
1430 3491 1616 3556 plebeia
1635 3491 1874 3555 germina,
1896 3492 1980 3541 sed
2006 3487 2360 3553 imperatoriam
2387 3488 2583 3552 stirpem
2604 3486 2679 3537 rei

1457 3635 1675 3688 No'rAE

521 3726 541 3772 ³
579 3728 850 3796 Coalescat]
880 3733 1029 3786 Infra
1057 3748 1176 3799 cap.
1199 3748 1332 3786 xm.
1362 3735 1379 3765 ‘
1399 3737 1527 3787 Per·
1608 3736 1775 3787 mines
1820 3735 1935 3786 aliis
1981 3732 2290 3793 succedunt,
2344 3729 2448 3782 etsi
2490 3730 2676 3794 singuli

461 3805 638 3868 petuis
670 3806 911 3870 profecto
944 3810 1172 3862 affinitas
1202 3812 1307 3861 ista
1326 3813 1526 3864 coalcs-
1607 3812 1854 3862 mortales
1878 3812 2003 3868 siut,
2038 3808 2102 3861 fit
2137 3817 2314 3859 tamen
2347 3815 2407 3856 ut
2430 3808 2574 3857 velut
2596 3808 2678 3856 iu·

462 3887 549 3932 cet
570 3882 977 3952 stirpibus,qnae
997 3902 1207 3953 semper
1226 3903 1450 3939 summos
1472 3889 1525 3940 in
1611 3893 1763 3953 tegra
1796 3894 1953 3950 atque
1992 3885 2176 3936 eadem
2215 3897 2423 3948 semper
2455 3884 2524 3933 sit
2566 3897 2675 3932 res·

463 3957 737 4022 republica
761 3962 898 4012 viros
923 3963 988 4015 ad
1011 3964 1342 4015 concordiam
1365 3979 1527 4030 copu·
1610 3964 1841 4029 publica,
1865 3971 1921 4013 et
1939 3963 2016 4013 sic
2038 3969 2330 4027 propagata
2364 3958 2676 4022 posteritate

463 4032 629 4084 lavit!
1610 4043 1754 4093 velut
1776 4040 2100 4092 immortalis.

527 4106 552 4143 Β
593 4109 820 4174 Voluptas
839 4115 1168 4180 conservandi]
1193 4117 1385 4168 Melius
1405 4117 1526 4169 Aci-
1671 4126 1709 4153 ¹¹·
1743 4120 1929 4170 Mateta
1968 4116 2154 4169 eoelibes
2191 4115 2504 4180 notaverim]
2540 4112 2677 4166 Viae

464 4183 632 4234 dalius
653 4188 888 4239 voluntas.
1518 4231 1529 4242 .
1610 4195 1769 4247 Plinii
1791 4197 1993 4260 Paneg.
2017 4209 2136 4257 cap.
2162 4205 2323 4244 xxvi.
2350 4199 2456 4242 not.
2476 4189 2508 4240 ¹.

532 4258 546 4294 ¹
579 4261 699 4313 Cum
718 4262 1005 4318 immortalis
1026 4269 1113 4334 sit]
1147 4270 1281 4321 Dum
1322 4269 1409 4320 alii
1437 4271 1526 4321 ho·
1673 4281 1700 4310 ¹¹
1733 4272 1993 4324 Mittesisw
2014 4270 2163 4335 anno]
2198 4267 2309 4319 Sub
2331 4267 2532 4318 duobus
2550 4265 2675 4318 Phi-
