3084 4959
480 358 653 426 1302
1109 374 1445 425 ΕυΜΕΝη
1496 372 2044 424 muneramus

479 540 675 586 anum
702 537 863 586 vero
894 518 1056 603 quid
1086 526 1232 586 erat
1259 525 1501 603 praeter
1530 517 1999 585 Britanniam?
2085 519 2149 583 4.
2194 516 2375 599 Quae
2405 538 2448 585 a
2479 521 2674 587 vobis

476 624 573 689 ita
616 628 1011 707 recuperata
1052 630 1181 701 est,
1214 630 1294 687 ut
1331 622 1471 687 illae
1511 640 1782 705 quoque
1806 609 2138 697 nationes,
2166 623 2470 687 terminis
2498 624 2674 709 ejus-

478 727 627 792 dem
669 725 908 790 insulae
950 720 1423 802 cohaerenteS,¹¹
1467 725 1714 789 vestris
1741 725 2017 791 nutibus
2048 726 2524 809 obsequantur.
2606 729 2672 795 5.

475 828 688 895 Nulla
714 827 1177 913 progrediendi
1208 847 1414 893 causa
1444 835 1783 911 superest,
1810 827 1946 893 nisi
1972 829 2057 906 si,
2089 828 2269 912 quod
2296 834 2534 894 natura
2561 850 2672 895 ve-

475 932 629 1010 tuit,
667 930 831 994 fines
871 932 1094 1015 ipsius
1140 937 1527 1015 quaerantur
1572 929 1855 997 Oceani.
1943 929 2215 1014 Omnia,
2245 931 2542 1016 inquam,
2571 933 2672 997 in-

472 1034 836 1100 victissimi
879 1032 1259 1119 PrincipeS,
1304 1042 1531 1099 vestra
1576 1041 1762 1112 sunt,
1808 1052 1962 1118 quae
2008 1040 2168 1099 sunt
2207 1034 2409 1117 digna
2450 1035 2671 1102 vobis.

475 1136 566 1202 Et
600 1136 754 1201 inde
791 1142 914 1215 est,
956 1131 1138 1220 quod
1181 1135 1530 1202 consulere
1575 1137 1858 1221 singulis
1903 1137 2253 1221 aequaliter
2294 1138 2473 1212 licet,
2518 1153 2670 1203 cum

472 1240 782 1305 universa
815 1235 1126 1306 teneatis.
1777 1299 1782 1306 .

557 1341 667 1408 CA
678 1361 736 1409 Ρ.
785 1358 963 1410 xxl.
1021 1343 1087 1407 1.
1130 1339 1376 1426 Itaque
1399 1340 1599 1406 sicuti
1624 1339 1888 1425 pridem
1916 1347 2057 1421 tuo,
2083 1340 2505 1407 Diocletiane
2531 1314 2668 1418 Au-

472 1452 686 1529 guste,
708 1446 907 1531 jussu
952 1445 1221 1511 deserta
1263 1442 1611 1510 Thraciae¹
1656 1445 1989 1511 translatis
2018 1445 2262 1510 incolis
2290 1444 2463 1510 Asia
2486 1465 2667 1511 com-

468 1550 701 1633 plevit,
726 1549 906 1614 sicut
936 1554 1177 1632 postea
1206 1554 1345 1626 tuo,
1373 1547 1797 1614 Maximiano
1837 1548 2168 1633 Auguste,
2198 1554 2380 1625 nutu,
2424 1546 2667 1614 Nervi-

470 1669 663 1715 orum
683 1657 725 1686 ¹¹¹
775 1656 844 1716 et
888 1650 1373 1717 Treverorum¹²
1424 1671 1591 1718 arva
1630 1652 1929 1737 jacentia
1977 1651 2208 1717 Laetus
2251 1650 2666 1735 postliminio

468 1754 852 1837 restitutus,
883 1762 954 1821 et
978 1762 1297 1840 receptus
1326 1756 1395 1820 in
1420 1755 1608 1838 leges
1639 1755 1942 1820 Francus
1970 1754 2307 1833 excoluit3
2358 1753 2456 1819 ita
2487 1774 2663 1821 nunc

466 1876 595 1939 per
633 1856 953 1922 victorias
996 1863 1170 1937 tuaS,
1203 1854 1584 1935 Constanti,
1614 1845 1848 1924 Caesar
1888 1858 2162 1933 invicte,
2195 1855 2521 1943 quicquid
2562 1858 2666 1923 in-

464 1958 777 2044 frequens
822 1959 1216 2039 Ambiano,⁰
1266 1967 1333 2027 et
1381 1959 1804 2039 Bellovaco,¹’
1858 1967 1932 2027 et
1987 1959 2424 2027 'tricassinus
2484 1960 2663 2040 solo,

1384 2127 1410 2146 0
1415 2125 1595 2146 ‘moe
1600 2126 1746 2147 ‘0000

1422 2167 1425 2178 Ρ

467 2238 579 2275 vero
599 2225 723 2276 Vet.
747 2224 912 2277 Lirin.
936 2225 1097 2276 habet
1115 2230 1326 2278 nom—4
1362 2228 1485 2285 Quoe
1503 2245 1533 2277 α
1553 2227 1686 2277 nobis
1709 2226 1878 2278 Livio.
1902 2225 2069 2276 Paris.
2090 2226 2283 2277 cellar.
2345 2226 2468 2283 Quoe
2485 2239 2518 2275 a
2539 2224 2666 2273 vobis

466 2290 607 2341 Gud.
640 2296 694 2341 2.
734 2291 967 2342 Rhenan.
1003 2294 1217 2357 Cuspiu-
1251 2293 1432 2357 Steph.
1469 2294 1703 2343 Patarol.
1733 2292 1905 2343 Rivin.
1939 2296 2082 2342 1.—5
2115 2292 2420 2357 Voc.ipsin⁸
2439 2291 2590 2341 deest
2610 2292 2663 2339 in

414 2380 427 2391 ·
467 2356 593 2405 Vet.
616 2356 785 2406 Livin.
834 2357 984 2421 digna
1001 2364 1114 2409 sunt
1133 2357 1261 2407 vobis
1281 2358 1490 2408 Bertin.

533 2420 669 2471 cn.
696 2434 819 2471 xxr.
852 2427 879 2472 1
904 2422 1122 2483 Augme
1141 2423 1294 2473 deest
1315 2419 1621 2487 in‘Guelpb.
1661 2423 1803 2485 jussu
1823 2422 2055 2487 supplevit
2076 2418 2196 2470 edd.
2229 2427 2357 2471 vett.
2408 2419 2467 2469 τὸ
2486 2421 2667 2484 supple·

465 2485 540 2535 vit
562 2486 713 2536 deest
734 2486 787 2536 in
811 2488 933 2537 Vet.
957 2488 1182 2538 Putean.
1229 2489 1445 2552 implevit
1467 2489 1625 2539 babet
1657 2489 1861 2539 Bertin.
1913 2487 2157 2552 complevit
2178 2486 2351 2536 Moerl.
2375 2492 2431 2535 et
2453 2485 2593 2536 Gnd.
2618 2490 2667 2538 1.

463 2555 517 2601 2.
553 2552 759 2600 ‘Etiam
799 2553 940 2603 delet
973 2553 1200 2620 Guelpb.
1233 2553 1334 2604 hoc
1371 2556 1508 2615 loco,
1548 2562 1603 2605 et
1636 2569 1757 2604 mox
1790 2554 1990 2615 inserit,
2021 2554 2108 2602 ubi
2135 2550 2287 2602 vide.’
2323 2551 2495 2602 Amtz.
2542 2550 2663 2601 Aria

463 2617 710 2679 complevit
730 2617 852 2667 Vet.
893 2619 1115 2669 Putem.
1157 2620 1384 2686 Guelph.
1435 2626 1560 2669 nutu
1592 2619 1741 2670 abest
1782 2620 1832 2669 in
1863 2619 2068 2670 Bertin.
2123 2617 2228 2666 Pro
2264 2618 2569 2671 Nerviorum,
2604 2622 2662 2666 ut

463 2681 604 2745 conj.
626 2681 828 2732 Acidal.
852 2692 907 2735 et
939 2684 1106 2734 edidit
1138 2685 1306 2735 Livin.
1340 2693 1396 2736 et
1422 2685 1561 2751 quod
1595 2701 1730 2735 nunc
1752 2685 1955 2734 demum
1981 2682 2250 2734 confirmat
2274 2682 2499 2745 Guelph.
2530 2681 2661 2730 Her·

461 2747 647 2796 ciorum
669 2748 883 2799 edidere
916 2750 1148 2801 Rbennn.
1179 2758 1234 2801 et
1268 2750 1341 2801 H.
1373 2751 1559 2815 steph.
1613 2752 1908 2801 Hernici-nm
1947 2751 2013 2799 al.
2053 2749 2172 2799 edd.
2225 2750 2353 2798 velut
2373 2746 2661 2811 postliminio

460 2812 595 2862 Exe.
617 2813 781 2877 Leng.
839 2816 1148 2866 Constantine
1169 2816 1394 2878 Gnelpb.
1414 2824 1470 2866 et
1489 2815 1610 2866 edd.
1639 2823 1769 2866 vett.
1825 2816 2077 2865 Constanti
2096 2815 2226 2864 Exc.
2250 2814 2414 2876 Lang.
2448 2812 2663 2876 Cnspin.

460 2878 594 2927 Exc.
617 2877 903 2929 Scbonbov.
963 2882 1242 2944 Trigassino
1278 2883 1402 2930 Vet.
1435 2882 1661 2931 Putean.
1719 2881 1984 2931 stit-assiae
2008 2881 2128 2930 Vet.
2150 2879 2315 2929 Liviu.
2344 2879 2473 2928 Exe.
2496 2879 2664 2941 Lang-

460 2950 518 2993 et
549 2943 782 2995 Pitboeus
818 2944 955 2996 Adv.
980 2960 1044 2996 n.
1071 2951 1121 2998 l.
1175 2947 1452 3010 Trige-’tino
1485 2947 1608 2999 edd.
1641 2954 1772 2999 vett.
1807 2961 1971 3013 nsque
2013 2945 2078 2996 ad
2112 2945 2268 2996 Grut.
2319 2945 2453 2994 Baro
2487 2947 2664 2994 cultore

1450 3113 1672 3164 NOTAE

523 3206 548 3239 ¹¹
581 3207 1085 3275 Inmloecohoerentes]
1110 3209 1381 3275 Hibernia,
1395 3212 1520 3263 Sco·
1604 3211 1954 3276 Eburonibus,
1988 3211 2219 3274 eremis,
2252 3208 2659 3259 Mediomatrici-

463 3285 556 3346 fia,
577 3288 679 3335 διο·
1604 3288 1701 3339 bus
1728 3287 1964 3339 finitima.
2023 3285 2195 3350 Hujus
2221 3285 2360 3334 urbis
2383 3283 2656 3348 archiepis-

527 3362 540 3394 ¹
589 3362 828 3427 Thr-acie]
879 3363 1048 3429 Regio
1099 3364 1237 3414 inter
1287 3366 1522 3430 AEgaenm
1601 3379 1760 3429 copus
1803 3378 1930 3415 unus
1975 3369 2055 3412 est
2096 3375 2164 3412 ex
2206 3360 2521 3411 electoribus
2565 3361 2657 3412 im·

457 3454 621 3503 mare,
653 3440 1052 3506 Propontidem,
1080 3449 1135 3491 et
1162 3441 1390 3494 Pontum
1414 3444 1520 3495 Eu·
1600 3441 1758 3508 perii.

458 3517 655 3567 ninum.
1665 3525 1690 3551 ⁰
1720 3514 1978 3579 Ambiano]
2014 3513 2381 3565 Ambianorum
2415 3513 2556 3571 urbs,
2590 3516 2660 3564 A·

521 3600 559 3627 '¹¹
593 3593 906 3657 Nerviorum]
939 3593 1124 3644 Nervii
1150 3610 1269 3646 ceux
1302 3597 1367 3646 du
1394 3612 1513 3663 pays
1604 3592 1770 3655 miens,
1791 3592 1844 3642 in
1870 3591 2042 3642 Gallia
2066 3607 2080 3638 τ
2113 3590 2370 3640 Picardiae
2394 3599 2574 3653 capnt,
2596 3590 2660 3639 ad

456 3672 515 3720 de
553 3669 809 3735 Haynnut,
842 3669 1023 3734 populi
1050 3670 1241 3722 Galliae
1278 3674 1511 3739 Belgicoe
1605 3673 1874 3723 Somonam
1897 3668 2129 3727 fiuvium,
2158 3669 2285 3719 alias
2305 3668 2660 3725 Samarobrina,

455 3747 521 3797 ad
556 3746 801 3805 Scaldim,
833 3745 1194 3811 Atrebatibus,
1226 3746 1513 3809 Ambianis,
1601 3750 1668 3800 de
1692 3766 1793 3815 qua
1814 3750 2015 3801 Tullius
2046 3749 2144 3813 Ep.
2176 3762 2281 3799 vu.
2311 3751 2392 3797 16.
2427 3746 2493 3796 ad
2525 3747 2655 3795 Tre·

453 3824 750 3888 Adriaticis,
772 3825 1013 3887 Morinis,
1041 3826 1515 3890 Vetoniandnis‚ae
1597 3828 1791 3879 betium
1830 3827 2305 3878 Jnriseonsnltnrn:
2341 3831 2358 3855 ⁸
2380 3824 2479 3873 Est
2517 3821 2655 3886 quod

452 3902 691 3952 Treveris
723 3900 930 3951 finitimi
951 3918 967 3963 ς
1007 3916 1220 3967 quorum
1244 3904 1368 3955 urbs
1389 3906 1514 3956 Tor·
1596 3908 1841 3972 gaudeas.
1897 3907 2119 3958 Constat
2141 3906 2276 3955 enim
2300 3904 2441 3953 inter
2463 3916 2655 3963 omnes,

454 3993 661 4028 nucum.
727 3980 808 4029 De
829 3979 908 4029 bis
929 3994 1070 4044 saepe
1090 3980 1341 4032 Caesario
1364 3982 1514 4034 Com·
1597 3986 1853 4034 neminem
1886 3989 1942 4033 te
1976 3997 2076 4032 uno
2115 3980 2494 4032 Samarobriuae
2518 3978 2652 4043 juris

456 4055 742 4122 mentariis·
1595 4061 1894 4125 peritiorem
1935 4058 2088 4111 esse.⁹
2152 4059 2239 4109 De
2284 4058 2656 4109 Samarobrina

516 4139 542 4165 ¹¹
575 4131 908 4197 steteram-um]
930 4133 1167 4198 Treveri,
1186 4134 1373 4199 stenes,
1395 4136 1514 4187 urba
1595 4152 1739 4202 saepe
1758 4137 1917 4187 etiam
1939 4136 2138 4187 Cesar.

452 4208 641 4259 Galliae
663 4210 894 4272 Belgicae
920 4208 984 4258 ad
1017 4210 1288 4261 Mosellam
1317 4213 1370 4261 in
1391 4227 1514 4262 eon-
1661 4221 1687 4257 Ρ
1742 4212 2019 4276 Bellovaco]
2073 4212 2470 4263 Bellovacorum
2515 4210 2652 4268 urbs,

450 4284 640 4337 finibus
655 4284 1512 4357 Germanioe,Nervii⁸,Menapii⁸,
1595 4291 1838 4342 Beoeuvais
1868 4288 1921 4340 in
1959 4287 2152 4347 Gallia,
2189 4288 2256 4340 ad
2288 4287 2514 4342 'rhum
2550 4302 2652 4347 amq
