3084 4959
583 398 756 467 1140
998 480 1003 486 p
1082 441 1090 448 ›-
1590 417 1769 467 vrrA

1954 515 1988 543 δ

579 570 829 635 milites
861 587 945 631 eo
977 561 1455 650 protraxerant,
1486 562 1795 650 proxime
1824 571 2160 630 astantem
2190 563 2407 649 digito
2439 569 2777 633 common-

445 673 456 687 ‘
580 680 831 741 straus:
877 677 898 706 ‘
935 670 1070 736 Hic
1120 676 1223 734 est
1268 675 1506 734 auctor
1555 671 1741 734 necis
1773 665 2224 758 Numeriani!
2311 667 2532 749 Quem
2565 678 2777 737 trans·

577 779 886 847 fodiens:
933 780 954 809 ‘
986 772 1292 840 Gloriare
1323 772 1532 855 Aper,
1577 772 1803 855 magni
1832 772 2073 836 AEueae
2114 772 2359 838 dextra
2401 771 2668 840 cadist’
2710 779 2780 839 et
2887 779 2890 782 ’

578 883 666 949 ad
699 871 1069 945 exercitum
1098 895 1501 941 conversus:
1548 881 1569 914 ‘
1598 874 1911 941 Tandem
1960 873 2221 958 Aprum
2267 873 2548 940 fatalem
2595 877 2779 942 occi·

575 983 723 1051 di:’
782 991 989 1067 atque
1041 982 1136 1045 ita
1195 977 1472 1045 Druidis
1531 979 1616 1044 de
1677 997 1805 1044 suo
1859 978 2149 1061 imperio
2210 979 2608 1043 vaticinium
2652 977 2814 1047 imss.

572 1089 810 1185 plevit.
898 1083 1076 1162 Quae
1125 1082 1272 1147 visa
1313 1088 1383 1146 et
1428 1081 1664 1146 audita
1706 1080 1796 1146 ab
1845 1100 1976 1145 avo
2021 1100 2149 1145 suo
2177 1080 2378 1148 refert
2420 1082 2596 1147 idem
2627 1082 2772 1147 Vo-

571 1195 803 1277 piscus
835 1189 907 1254 in
926 1186 1368 1252 Numeriano,
1460 1183 1935 1250 Nicomediam
1965 1190 2373 1268 purpuratus
2402 1185 2671 1252 intravit
2701 1202 2775 1251 v.

574 1295 734 1361 Kal.
766 1293 915 1359 Oct.
936 1288 1314 1355 Chronicon
1345 1286 1907 1352 Alexandrinum.
1977 1287 2118 1351 Hic
2147 1288 2432 1371 primum
2463 1290 2773 1355 consula-

568 1407 712 1465 tum
760 1394 931 1461 iniit.
1019 1390 1134 1456 Ab
1179 1411 1260 1455 eo
1306 1409 1485 1455 anno
1525 1391 1770 1475 incipit
1809 1389 2422 1471 aera1Diocletiani,
2466 1411 2618 1479 quae
2646 1392 2769 1458 illo
2838 1408 2849 1418 ·

565 1509 826 1571 mortuo
857 1517 997 1565 aera
1025 1498 1384 1577 martyrum
1418 1494 1600 1558 dicta
1639 1498 1769 1559 est.
1803 1519 1809 1524 ·

606 1686 693 1752 A.
719 1687 809 1753 U.
830 1686 910 1752 C.
946 1704 1367 1752 Mxxxvnr.
1444 1688 1600 1755 Chr.
1634 1703 2037 1755 cmxxxv·
2103 1690 2605 1775 Dioclet.‘1mp.
2639 1706 2723 1755 11.
2783 1780 2788 1784 ἢ

824 1792 1038 1857 AEtat.
1071 1808 1396 1856 xxxvn.
1470 1792 1667 1864 Max.
1697 1792 1874 1877 Imp.
1910 1811 1959 1858 1.
2005 1795 2215 1861 AEtat.
2246 1809 2505 1860 xxxv,

647 1911 1120 1977 Diocletianus
1155 1932 1194 1975 e
1231 1911 1429 1997 Syria
1466 1912 1710 1986 redux,
1751 1915 2111 1979 consulatu
2143 1913 2307 1980 Kal.
2338 1913 2387 1980 J
2389 1934 2500 1979 an.
2530 1932 2763 1978 secun·

561 2014 718 2080 dum
759 2013 956 2094 inito,
1000 2014 1227 2079 multis
1268 2015 1527 2098 praeliis
1557 2016 1625 2079 in
1653 2016 1930 2101 Illyrico
1984 2016 2404 2100 congreditur
2443 2037 2600 2082 cum
2630 2015 2765 2081 Ga.-

557 2120 723 2196 rino,
753 2119 962 2203 quiin
993 2117 1261 2196 Gallim,
1303 2116 1536 2196 Italia,
1578 2126 1648 2183 et
1698 2118 1968 2203 Illyrico
2016 2126 2170 2204 post
2220 2120 2438 2204 patris
2482 2119 2646 2186 Cari
2691 2127 2765 2184 et

559 2221 959 2290 Numeriani
988 2220 1210 2285 fratris
1240 2227 1520 2315 mortem
1566 2223 1695 2286 sub
1729 2219 2025 2304 Augusti
2054 2223 2320 2289 nomine
2349 2223 2766 2307 imperabat3

556 2323 771 2400 donec
825 2323 1111 2390 Carinus
1164 2344 1380 2407 prope
1431 2325 1776 2407 Murgum,
1822 2325 1989 2391 inter
2030 2325 2512 2405 Viminacium,
2555 2331 2763 2409 atque

553 2425 852 2492 Aureum
888 2434 1176 2492 montem
1221 2428 1288 2490 in
1322 2426 1580 2493 Moesia
1614 2429 1983 2518 superiore,
2016 2448 2059 2494 a
2088 2428 2257 2507 suis,
2287 2429 2534 2511 quibus
2565 2448 2763 2513 prop·

553 2536 654 2595 ter
697 2531 954 2596 nefaria
998 2530 1260 2606 scelera
1303 2551 1561 2596 summe
1610 2531 1894 2596 odiosus
1926 2539 2088 2610 erat,
2117 2531 2515 2602 confoditur.
2606 2530 2767 2610 Qua

551 2641 762 2700 morte
799 2655 954 2700 cum
996 2633 1286 2701 vacuum
1320 2640 1499 2699 esset
1532 2632 1925 2699 Occidentis
1967 2621 2344 2719 imperium,
2373 2636 2459 2699 ab
2490 2634 2577 2699 iis
2605 2652 2765 2719 pro·

550 2738 794 2802 vinciis
822 2743 890 2818 et
920 2737 1246 2815 exercitu,
1276 2738 1386 2803 cui
1432 2737 1547 2801 ille
1593 2744 1905 2824 praeerat,
1935 2737 2347 2802 renuntiatur
2377 2739 2764 2822 imperator,

552 2842 718 2906 etin
754 2839 1026 2905 Oriente
1055 2848 1124 2905 et
1154 2838 1525 2905 Occidente
1576 2840 1720 2903 sine
1767 2842 2210 2923 competitore
2250 2848 2504 2923 regnat.
2591 2838 2755 2919 Quo

550 2944 629 3008 fit
676 2951 748 3009 ut
800 2943 958 3009 inde
1011 2944 1224 3029 aliqui
1275 2962 1493 3008 annos
1524 2941 1939 3007 Diocletiani
1982 2948 2391 3028 computent.
2477 2940 2759 3007 Interim

549 3067 700 3111 cum
729 3048 1124 3113 rusticorum
1147 3047 1380 3125 factio,
1406 3046 1657 3131 quibus
1685 3043 2154 3132 Bagaudarum
2178 3064 2444 3121 nomen,
2468 3044 2757 3111 ducibus

549 3150 632 3213 Ι..
665 3150 1050 3236 Pomponio
1082 3150 1379 3229 AEliano,
1430 3156 1496 3213 et
1541 3148 1871 3214 Salonino
1918 3144 2259 3226 Amando,
2300 3155 2377 3214 ut
2404 3147 2652 3215 Victor
2674 3154 2757 3214 et

535 3253 916 3338 'Eutropius
949 3252 1243 3331 tradunt,
1266 3252 1597 3318 tumultus
1628 3252 1698 3316 in
1723 3248 1973 3317 Galliis
2002 3250 2396 3323 concitaret,
2431 3257 2758 3316 castrum-

547 3376 679 3441 que
739 3355 1046 3421 Parisios
1098 3355 1290 3433 inter‚
1339 3362 1410 3420 et
1461 3353 1731 3420 Meldas
1776 3353 1866 3418 ad
1917 3352 2307 3419 Matrouam
2354 3353 2582 3432 situm,
2630 3354 2753 3420 ubi

544 3478 721 3523 nunc
756 3457 1159 3522 Fossatense
1190 3457 1261 3521 S.
1294 3455 1519 3522 Mauri
1555 3455 2044 3521 Monasterium
2087 3463 2219 3533 est,
2249 3464 2750 3541 occupassent3

547 3562 1016 3626 Diocletianus
1042 3569 1348 3626 metuens
1377 3580 1459 3625 ne
1488 3559 1741 3626 Gallia>
1772 3578 2000 3624 omnes
2031 3560 2454 3642 superiorum
2484 3566 2752 3642 tempo·

543 3686 686 3731 rum
719 3666 1000 3750 injuriiS,
1037 3664 1169 3729 hoc
1195 3673 1325 3743 est,
1358 3663 1584 3732 Carini
1627 3662 1922 3748 Augusti
1959 3662 2331 3729 acerbitate
2361 3681 2442 3727 ac
2472 3662 2751 3740 ferocia,

540 3770 1041 3853 tyrann'icisque'
1077 3768 1385 3852 judicum
1432 3789 1707 3833 suorum
1752 3766 2223 3832 exactionibus
2272 3773 2537 3830 vexatae
2583 3764 2753 3830 defi-

542 3880 784 3947 cerent,
817 3871 920 3936 M.
951 3872 1297 3936 Aurelium
1335 3871 1826 3936 Maximianum
1859 3874 2151 3936 veterem
2183 3866 2500 3945 amicum,
2524 3875 2595 3931 et
2621 3867 2750 3935 sub

540 3973 766 4037 Probo
797 3981 996 4056 atque
1026 3971 1391 4038 Aureliano
1434 3972 1980 4049 commilitonem,
2020 3971 2130 4036 cui
2174 3969 2289 4036 uni
2340 3969 2623 4036 Druidis
2661 3972 2750 4037 de

541 4096 689 4141 suo.
718 4076 995 4158 imperio
1048 4077 1439 4143 vaticinium
1504 4082 1883 4157 aperuerat,
1942 4073 2281 4139 hominem
2350 4074 2482 4140 sibi
2543 4080 2748 4141 aetate

526 4200 751 4264 prope
794 4198 1178 4263 supparem,
1224 4178 1407 4243 bello
1455 4185 1812 4256 strenuum,
1841 4185 1924 4243 et'
1955 4177 2126 4242 inter
2164 4189 2354 4244 arma
2389 4176 2746 4244 educatum

537 4285 1078 4367 institutumque,
1110 4282 1451 4349 Caesarem
1493 4282 1969 4362 facitRomae,
2011 4280 2129 4348 ubi
2177 4279 2290 4348 isse
2334 4280 2746 4350 Nicomedia
