3084 4959
794 356 900 407 An
948 356 1400 409 mammii-mr
1449 360 2094 413 eanmunmcum.
2278 331 2285 338 ’
2400 350 2576 417 1185

440 1626 560 1694 Ita
586 1627 762 1694 haud
790 1628 1145 1696 difficulter
1174 1629 1511 1714 explicari
1541 1639 1837 1714 possunt
1857 1632 1992 1699 duo
2010 1640 2276 1700 veteres
2296 1641 2575 1720 nummi,

351 1731 601 1816 quibus
638 1731 774 1797 hoc
813 1732 1233 1798 schediasma
1258 1734 1673 1799 ornavimus.
1757 1734 1952 1802 Alter
1979 1754 2134 1802 cum
2169 1740 2397 1822 capite
2426 1741 2573 1806 lau-

351 1843 540 1913 reato
602 1834 1013 1900 Maximiani
1056 1833 1378 1919 Augusti.-
1482 1834 1693 1920 Cujus
1739 1837 2178 1922 Imperatoris
2247 1841 2579 1926 integrum

353 1956 599 2002 nomen
649 1938 801 2002 aliis
852 1937 1141 2011 nummis
1192 1944 1262 2004 et
1304 1937 1650 2022 lapidibus
1682 1939 2094 2026 ”inscriptum
2139 1943 2242 2008 sic
2288 1944 2575 2026 legitur-2

354 2057 518 2107 mr.
548 2058 615 2104 c.
644 2056 829 2105 Ava.
858 2054 1268 2104 MAxrmAN
1284 2057 1393 2105 vs.
1428 2057 1490 2104 Ρ.
1523 2058 1588 2105 ιτ.
1622 2058 1802 2106 Ave.
1831 2044 1876 2108 i.
1909 2063 1967 2109 e.
2013 2044 2395 2129 Imperator
2424 2046 2576 2112 Gee-

355 2161 467 2208 sar
492 2142 824 2208 Aurelius
840 2141 1311 2208 Maximianus
1333 2142 1503 2207 Pius
1527 2141 1728 2208 Felix
1756 2140 2136 2228 Augustus.
2198 2147 2580 2230 Inpostica

353 2247 605 2309 nummi
648 2252 846 2329 parte
884 2244 1293 2337 conspicitur
1331 2244 1693 2324 Hercules,
1723 2246 1987 2312 duabus
2032 2248 2248 2314 clavis
2293 2250 2575 2316 instruc·

354 2355 489 2425 tus,
519 2347 761 2412 dextra
802 2348 999 2431 clava
1030 2337 1336 2430 Hydram
1367 2354 1642 2431 petens;
1687 2349 1822 2414 nisi
1865 2350 2259 2435 suspiceris,
2293 2351 2578 2437 alteram

355 2450 619 2514 clavam
666 2469 756 2514 ex
797 2449 1056 2514 lacinia
1090 2449 1283 2533 pellis
1324 2449 1619 2516 leoninae
1660 2451 1837 2516 forte
1866 2453 2148 2518 effictam
2180 2473 2358 2519 esse.
2447 2455 2576 2520 Su-

354 2571 557 2635 perne
602 2553 752 2618 haec
800 2553 1008 2617 verba
1048 2551 1315 2635 sculpta
1359 2557 1551 2618 sunt:
1604 2563 1972 2619 annover.
2008 2570 2574 2620 nsesenATom.

356 2653 665 2721 Incertus
710 2675 880 2736 sum,
906 2661 1129 2719 utrum
1173 2653 1642 2721 Maximianus
1684 2676 1793 2720 res
1839 2676 2006 2721 suas
2048 2656 2302 2723 fortiter
2345 2663 2577 2739 gestas
2663 2723 2672 2732 ,

358 2755 677 2835 Herculi,
702 2759 851 2822 Deo
880 2757 1356 2836 commentitio,
1381 2759 1483 2822 sic
1508 2764 1830 2843 acceptas
1855 2759 2093 2824 referre
2117 2758 2444 2840 voluerit3
2492 2780 2579 2827 an

354 2858 531 2943 ipse,
559 2865 881 2944 tanquam
915 2859 1294 2939 Hercules,
1314 2859 1694 2925 debellator
1732 2861 2028 2926 hostium
2060 2881 2358 2937 suorum,
2392 2863 2575 2928 volu-

358 2963 499 3037 erit¹
524 2963 1012 3047 repraesentari.
1105 2963 1353 3047 Hydra
1379 2963 1500 3027 illa
1530 2963 1658 3026 fuit
1688 2982 1966 3048 serpens
1994 2963 2357 3028 multorum
2391 2965 2587 3048 capi-⁶,

355 3072 527 3143 tum,
556 3084 757 3149 quam
788 3066 855 3129 in
889 3065 1112 3129 Lerna
1140 3065 1389 3148 palude
1420 3065 1839 3143 constitisse,
1870 3075 1935 3130 et
1965 3067 2051 3129 ab
2083 3065 2572 3154 Hercule-tau-

354 3167 509 3232 dem
540 3168 787 3232 victam
819 3188 997 3245 esse,
1023 3174 1298 3231 narrant
1324 3164 1576 3251 poetae.
1664 3166 1932 3233 Dicitur
1958 3165 2249 3247 Virgilio
2281 3169 2438 3233 AEn.
2473 3185 2575 3238 vr.

354 3269 510 3334 576.
556 3274 577 3304 ‘
610 3268 1109 3353 Quinquaginta
1149 3259 1315 3333 atris
1357 3269 1670 3333 immanis
1712 3270 2011 3335 hiatibus
2053 3268 2339 3352 Hydra-⁹
2426 3271 2576 3337 Sci·

354 3371 519 3436 licet
561 3371 678 3435 alii
722 3371 1004 3454 hydram
1048 3372 1172 3436 tria
1214 3371 1475 3437 tradunt
1517 3371 1832 3436 babuisse
1862 3373 2113 3456 capita,
2146 3372 2263 3437 alii
2293 3378 2576 3457 septem,

359 3471 478 3536 alii
511 3493 783 3548 novem,
813 3474 931 3538 alii
961 3473 1463 3557 qninquaginta,
1498 3473 1620 3537 alii
1661 3479 1948 3539 centum.
2034 3474 2257 3540 Tanta
2295 3481 2401 3539 est
2439 3475 2573 3540 dis-

359 3576 707 3659 crepantia
744 3575 1155 3640 sabularum!
1260 3575 1592 3641 Fabulam
1641 3595 1801 3641 vero
1853 3576 2222 3660 pleniorem
2265 3576 2575 3642 Lernaeae

357 3678 691 3762 serpentis
733 3678 1057 3742 habemus
1087 3665 1282 3760 apud
1303 3677 1687 3760 Palaephat.
1720 3680 1892 3744 Fab.
1926 3692 2235 3742 xxxrx,
2269 3684 2339 3742 et
2369 3676 2575 3744 ovid.

349 3779 527 3844 Met.
562 3797 675 3844 lx.
704 3779 815 3845 68.
904 3780 1261 3863 Spanhem.
1305 3779 1603 3845 Dissert.
1632 3797 1700 3844 v,
1737 3780 1851 3849 ubi
1899 3779 2100 3862 hujus
2144 3780 2391 3844 nummi
2437 3801 2574 3847 me-

216 3887 230 3910 '
357 3880 576 3960 minit‚
608 3881 978 3961 existimat,
1010 3881 1506 3946 Maximianum
1554 3881 1928 3946 intendisse
1967 3881 2099 3947 hoc
2138 3901 2410 3946 nummo
2454 3904 2577 3967 per

362 3980 674 4067 Hydram
704 3985 1125 4068 potissimum
1157 3983 1510 4067 designare
1537 3989 2001 4049 renascentem
2033 3990 2190 4068 post
2219 3990 2319 4049 tot
2345 3984 2578 4052 funera

364 4085 890 4151 Christianorum
922 4093 1223 4169 gentem3
1266 4106 1420 4151 cum
1447 4086 1560 4152 hic
1589 4087 1988 4170 Imperator,
2023 4086 2388 4152 Herculius
2419 4106 2574 4172 cog-

363 4190 764 4270 nominatuS‚
796 4210 949 4254 cum
992 4190 1426 4257 Diocletiano
1467 4190 1702 4280 Jovio,
1738 4191 2004 4274 collega
2043 4210 2188 4267 suo,
2222 4209 2398 4257 vana
2425 4189 2571 4273 jac·

488 4301 661 4370 Delph-
682 4312 730 4357 et
758 4307 874 4358 Var.
898 4309 1034 4358 Clas.
1316 4308 1504 4370 Paneg.
1536 4307 1642 4359 Vet.
2332 4309 2363 4355 4
2400 4307 2442 4356 F
