3084 4959
595 671 1032 757 CHRIST·
1119 670 1623 750 GOTLIBII
1706 669 2328 794 SCHWARZII

889 844 2034 1018 DISSE'RTATI'O

1411 1168 1517 1218 AD

407 1340 1300 1465 'MAMERTINI
1434 1341 2461 1430 PANEGYRICUM.

457 3068 841 3147 Gousrm,
891 3045 1128 3155 pr'aeter
1170 3069 1771 3152 incomparabilem
1813 3068 2020 3135 Plinii
2062 3068 2583 3153 Panegyricum,

371 3169 596 3237 adhuc
630 3172 926 3255 reliquos
956 3190 1115 3236 esse
1146 3172 1348 3236 etiam
1381 3171 1555 3235 alios
1586 3170 1943 3253 quosdam,
1973 3171 2139 3237 licet
2166 3172 2585 3257 aliquantum

370 3273 703 3338 inferioris
754 3274 1008 3360 aetatis,
1050 3277 1352 3338 veterum
1395 3272 1854 3357 Panegyricos
1893 3274 2199 3340 Latinos.
2289 3273 2393 3339 Hi
2436 3272 2586 3359 qui·

369 3374 544 3452 dem,
590 3376 650 3439 si
699 3374 857 3459 styli
903 3375 1417 3440 concinnitatem
1449 3380 1518 3440 et
1544 3375 1943 3458 elegantiam
1977 3380 2275 3460 spectes,
2319 3376 2407 3441 ad
2439 3375 2587 3441 Pli-

370 3477 597 3541 nianae
654 3476 1066 3541 elocutionis
1123 3456 1596 3562 praestantiam
1654 3495 1793 3541 non
1850 3477 2248 3543 ascendunt.
2369 3477 2588 3543 Recte

371 3578 544 3645 enim
574 3579 956 3657 Boeclerus,
986 3598 1125 3642 non
1174 3580 1442 3662 iniquus
1481 3578 1717 3644 harum
1755 3580 2197 3658 existimator,
2223 3582 2293 3644 in
2326 3577 2585 3670 Bsplio-

370 3679 614 3765 graph.
643 3679 830 3746 Cort.
864 3701 942 3763 p.
967 3679 1080 3757 72.
1171 3685 1190 3716 ‘
1222 3680 1307 3747 In
1337 3682 1652 3747 omnibus
1681 3680 1788 3746 his
1818 3679 2304 3765 Panegyrici8,’
2336 3682 2584 3765 inquit,

372 3786 396 3817 ‘
427 3783 547 3866 qui
577 3782 708 3847 hoc
739 3782 999 3847 saeculo
1029 3783 1369 3862 vixerunt,
1401 3784 1629 3848 videre
1662 3784 1842 3862 licet,
1873 3789 2193 3867 quantum
2224 3786 2589 3851 mutaverit

369 3882 585 3949 facies
627 3883 809 3968 styli.
901 3884 1309 3970 Quanquam
1348 3886 1524 3951 enim
1572 3886 1878 3982 valerent
1921 3887 2217 3967 ingenio,
2257 3887 2585 3952 saeculum

371 3993 596 4051 tamen
650 4005 846 4050 suum
902 3987 1174 4052 vincere
1231 4006 1362 4051 non
1421 3993 1812 4071 potuerunt.
1881 3987 2275 4067 ‚Conantur
2310 3989 2585 4073 quidem

372 4108 562 4172 saepe
589 4105 941 4169 assurgere
972 4088 1059 4152 ad
1090 4089 1482 4171 gravitatem
1513 4097 1851 4173 veterum3
1898 4090 2022 4156 sed
2072 4098 2402 4157 conantur
2437 4096 2585 4156 tan-
2665 4135 2671 4136 f

371 4198 536 4259 tum.
627 4188 847 4273 Culpa
897 4190 1104 4256 etiam
1155 4190 1242 4258 ad
1288 4191 1719 4259 adulationes
1769 4194 2038 4262 aulicas
2077 4194 2420 4262 reserenda
2457 4202 2585 4262 est.

504 4305 686 4371 Delph.
707 4310 756 4355 et
783 4305 898 4357 Var.
925 4305 1056 4358 Clas.
1335 4309 1523 4372 Paneg.
1551 4310 1656 4362 Vel.
1823 4361 1829 4366 ,
2340 4315 2372 4361 4
2408 4312 2454 4361 Β
