3084 4959
2414 365 2590 434 1381

403 543 521 591 nes
557 531 625 590 et
664 522 1025 591 barbaras¹
1063 523 1310 592 Galliae
1349 533 1583 610 gentes
1623 525 1928 610 plurimis
1970 528 2592 594 senatusconsultis

398 628 635 694 fratres
684 628 922 713 populi
972 628 1269 693 Romani
1310 628 1638 711 appellati
1685 633 1880 708 sunt3
1937 634 2026 706 et,
2069 648 2221 694 cum
2264 647 2308 693 a
2348 630 2592 695 ceteris

401 728 743 796 Rhodano
788 730 877 795 ad
921 730 1238 796 Rhenum
1278 750 1494 814 usque
1532 730 1804 815 populis
1839 750 1925 795 ne
1955 750 2094 815 pax
2124 731 2394 815 quidem
2431 751 2593 816 pos·

402 840 524 913 set,
553 835 685 900 nisi
724 840 1065 918 suspecta,
1105 833 1385 918 sperari,
1423 832 1550 898 soli
1590 835 1798 898 etiam
1839 832 2437 915 consanguinitatis
2472 855 2591 900 no-

401 938 581 1001 mine
622 938 888 1020 gloriati
926 943 1128 1002 sunt:
1187 939 1254 1002 5.
1298 943 1365 1002 et
1392 955 1630 1020 nuper,
1659 940 1735 1001 ut
1763 936 1985 1001 media
2014 942 2435 1020 praeteream,
2463 938 2592 1002 Di-

400 1059 562 1105 vum
594 1039 974 1118 Claudium,
1004 1044 1344 1124 parentem
1376 1046 1589 1119 tuum,
1620 1038 1707 1104 ad
1734 1037 2232 1123 recuperandas
2260 1037 2529 1105 Gallias
2548 1047 2590 1076 ¹¹⁸

402 1142 530 1208 soli
564 1151 998 1219 vocaverunt,
1030 1149 1098 1208 et
1139 1149 1293 1207 ante
1331 1141 1781 1225 paucissimos
1812 1160 2048 1220 annoS,
2077 1141 2258 1226 quod
2295 1144 2591 1208 maxime

401 1245 930 1329 praedicandum,
964 1245 1247 1329 plurima
1285 1244 1500 1328 patris
1541 1244 1686 1308 tui¹¹
1726 1242 2061 1308 beneficia
2103 1244 2344 1326 partim
2387 1245 2588 1309 rebus

311 1336 322 1343 ’
399 1345 643 1412 effecta
671 1354 1129 1432 perceperunt,
1159 1347 1402 1431 partim
1432 1345 1655 1410 animo
1685 1343 2059 1427 significata
2089 1344 2419 1411 laetantur.

489 1448 667 1521 Cap.
716 1465 835 1515 ιιι.
908 1450 974 1515 1.
1026 1449 1181 1514 Fuit
1227 1448 1387 1513 olim
1434 1448 1812 1529 Saguntus⁰
1867 1445 2218 1524 foederata,
2266 1448 2388 1512 sed
2437 1467 2591 1513 cum

394 1551 539 1635 jam
590 1551 800 1618 taedio
850 1552 1097 1619 Punici
1143 1551 1307 1615 belli
1348 1568 1600 1615 novare
1649 1549 1994 1632 imperium
2047 1550 2263 1614 omnis
2314 1557 2592 1634 cuperet

403 1654 829 1738 Hispania:p
882 1654 1014 1720 fuit
1065 1654 1284 1720 amica
1333 1653 1739 1734 Massilia3¹¹
1798 1652 2185 1735 protegi-se
2235 1653 2589 1736 majestate

402 1754 717 1820 Romana
756 1756 1245 1839 gratulabatur:
1300 1756 1713 1839 imputavere
1757 1773 1832 1819 se
1875 1753 2126 1836 origine
2167 1753 2479 1829 fabulosa
2520 1756 2589 1819 in

401 1857 637 1925 Sicilia
694 1857 1125 1937 Mamertini,¹
1177 1858 1249 1923 in
1300 1856 1472 1924 Asia
1524 1858 1809 1924 Ilienses
1833 1864 1897 1937 :f
1966 1856 2098 1922 soli
2145 1856 2403 1938 AEdui,‘
2451 1878 2588 1924 non

1305 2016 1668 2038 OOOOOOOOOO

943 376 1475 430 eoxsrsnrmo
1521 377 1698 428 Aue.
1775 377 1942 426 viu.
1981 363 2047 429 3.

399 2119 431 2165 4
467 2115 675 2166 Romani
711 2115 874 2179 populi
911 2114 1135 2180 Guelph.
1190 2115 1336 2174 Mox,
1383 2113 1553 2164 Lirin.
1598 2114 1738 2179 conj.
1776 2116 1838 2164 ab
1883 2115 2131 2166 Rhodano.
2159 2115 2176 2144 ‘
2210 2115 2299 2165 Nil
2341 2119 2589 2168 necesse!

395 2180 591 2230 Acidnl.
644 2180 735 2229 soli
755 2187 801 2230 et
826 2180 945 2230 edd.
968 2189 1089 2231 ante
1115 2176 1302 2230 Arntzss
1352 2180 1443 2230 soli
1471 2180 1616 2229 etiam
1638 2181 1762 2229 Vet.
1785 2181 1909 2230 Put.
1935 2181 2138 2230 Bertin.
2168 2189 2221 2231 et
2249 2182 2472 2246 Guelph.
2496 2185 2589 2234 im·

401 2245 655 2309 probante
693 2246 960 2296 Lirim—6
982 2247 1072 2295 soli
1102 2247 1441 2296 invocaverunt
1474 2246 1611 2310 conj.
1634 2243 1821 2295 Arntz.
1867 2246 2320 2309 praedicndum·ese
2344 2248 2589 2300 Chassen.
2666 2264 2671 2269 ·

400 2311 556 2361 eninm
577 2315 768 2361 servata
789 2312 842 2361 in
864 2305 1047 2361 eodem
1071 2312 1272 2362 codice.
1300 2314 1316 2339 ‘
1335 2311 1450 2365 Nec
1475 2324 1617 2367 vere,
1644 2325 1739 2360 nec
1764 2311 2147 2362 verisimiliter)
2178 2313 2364 2375 Jaeger.

408 2392 418 2405 ·
464 2376 600 2427 Clu».
625 2389 709 2426 m.
755 2381 781 2426 1
820 2375 1079 2438 vno-jam
1111 2375 1257 2427 deest
1289 2377 1342 2425 in
1377 2374 1605 2439 Guelplr.
1653 2376 1760 2426 belli
1787 2377 1963 2426 Punici
1992 2379 2238 2427 claussen.
2288 2380 2371 2428 sed
2399 2383 2589 2442 protegt

399 2442 752 2507 conjecturam
779 2442 994 2491 Livineii
1018 2451 1071 2491 et
1099 2442 1299 2491 Acidal.
1329 2449 1643 2506 receperunt
1679 2443 1866 2493 Cellar.
1899 2449 1954 2493 et
1976 2443 2172 2506 Jaeger.
2202 2443 2468 2507 ‘potestate
2493 2445 2590 2495 Ro·

398 2522 537 2557 mana
558 2508 732 2557 Moerl.
768 2516 826 2559 et
857 2507 998 2558 Gud.
1031 2508 1168 2572 quod
1195 2510 1361 2557 minus
1387 2508 1665 2557 convenire
1687 2507 1880 2574 liquido
1902 2508 2153 2573 apparet.⁸
2186 2508 2371 2571 Joeger.
2423 2509 2592 2561 Hedni

402 2572 524 2624 edd.
555 2580 686 2624 vett.
739 2572 922 2623 ’ΛΕΜ
956 2573 1109 2624 codd.
1142 2581 1199 2623 et
1233 2576 1307 2623 sic
1339 2571 1452 2623 aliis
1484 2573 1536 2622 in
1571 2573 1701 2623 locis
1735 2574 1893 2624 etiam
1924 2575 2079 2626 scribi
2103 2572 2297 2624 debet.’
2330 2573 2592 2625 Schonlum.

1386 2719 1601 2771 No'rAE

466 2813 482 2849 Ι
511 2810 747 2865 Immunes
767 2820 815 2866 et
837 2816 1087 2883 barbam]
1124 2817 1312 2867 Utrum
1344 2815 1454 2868 dic-

401 2899 513 2942 tum
536 2893 661 2942 illud
693 2893 758 2944 ab
778 2895 980 2945 homine
1001 2894 1173 2957 Gallo,
1191 2903 1247 2945 et
1269 2896 1454 2945 Roma·

400 2983 468 3021 no
491 2969 790 3032 imperatori
813 2971 1118 3033 gratuletur,
1142 2984 1205 3019 an
1239 2971 1376 3036 quod
1406 2970 1456 3019 ei

400 3054 596 3109 praeter
638 3047 829 3097 AEduos
873 3047 988 3097 alim
1028 3048 1128 3111 ipsi
1172 3046 1454 3111 provincia

397 3121 637 3173 barbara
661 3122 1003 3173 videbantur?

413 3246 422 3251 q
463 3207 503 3233 ¹³
532 3200 617 3250 Aa
652 3203 996 3265 recuperandas
1022 3201 1234 3267 Gallias]
1270 3200 1319 3251 A
1352 3201 1452 3251 Te·

401 3274 534 3325 trico
561 3283 780 3341 tyranno
801 3287 1101 3341 occupatas.

462 3358 490 3386 ¹¹
522 3353 697 3402 Patris
714 3351 811 3416 tui]
844 3354 1157 3406 Constantii.
1197 3353 1335 3406 Vide
1352 3355 1454 3405 Pa·

402 3441 523 3492 neg.
547 3444 624 3480 ιν.
1396 3450 1401 3460 ·

464 3512 490 3538 ⁰
520 3506 791 3571 Saeuam]
830 3508 1007 3560 Hodie
1035 3508 1325 3567 Moreiedro,
1360 3524 1453 3573 op-

402 3580 581 3646 pidum
631 3584 753 3633 olim
803 3585 1141 3635 clarissimum
1188 3586 1456 3651 Hispaniae

401 3658 804 3711 Tarraconensis
856 3661 910 3710 in
960 3660 1149 3712 finibus
1196 3661 1455 3713 Edetano-

399 3750 533 3798 rum,
570 3737 640 3786 ab
679 3735 975 3788 Hannibale
1017 3751 1289 3799 ενοι-επις
1337 3751 1453 3788 cum

397 3812 452 3862 hi
475 3826 532 3862 se
552 3820 608 3862 et
631 3826 725 3862 sua
744 3813 1049 3864 comburere
1071 3828 1290 3863 accenso
1311 3827 1456 3878 rogo,

400 3903 553 3954 quam
576 3888 627 3938 ei
649 3902 704 3938 se
728 3887 938 3939 tradere
958 3889 1275 3940 maluissent.

462 3973 492 4008 Ρ
522 3963 792 4029 Hispania]
824 3962 973 4015 Infra
1009 3966 1062 4015 in
1098 3965 1288 4018 Paesti
1324 3967 1457 4017 Pan.

397 4056 520 4105 cap.
538 4056 616 4092 ιν.

405 4164 410 4171 .
462 4128 487 4165 «ι
520 4116 771 4181 Massilia]
795 4118 936 4170 Urbs
949 4119 1137 4171 Galliae
1152 4119 1457 4173 Narbonen-

400 4197 471 4248 sis
502 4196 557 4247 in
589 4211 682 4248 ora
710 4197 1008 4262 provinciae,
1029 4196 1094 4246 ad
1125 4212 1263 4247 mare
1286 4196 1454 4247 Medi·

399 4282 709 4335 terraneam,
724 4275 844 4326 olim
865 4287 968 4325 non
988 4275 1150 4325 solum
1170 4274 1458 4326 scholarum

1517 2791 1862 2877 celebritate,
1891 2827 2048 2887 atque
2077 2819 2330 2885 emporio,
2360 2819 2452 2869 sed
2487 2819 2589 2870 eti·

1536 2911 1620 2946 am
1647 2911 1844 2946 morum
1877 2896 2177 2961 integritate
2206 2895 2506 2951 clarissima,
2530 2899 2591 2947 ut

1534 2973 1672 3037 apud
1696 2975 1937 3024 Plautum
1960 2974 2014 3023 in
2030 2973 2218 3024 Casina
2238 2973 2432 3027 ‘mores
2448 2973 2591 3023 Mas·

1535 3048 1804 3099 silienses’
1848 3050 2110 3113 proverbii
2152 3051 2315 3099 instar
2352 3049 2592 3101 dicantur

1536 3139 1635 3189 pro
1655 3125 1883 3175 moribus
1904 3125 2270 3189 integerrimis.

1600 3208 1622 3235 τ
1651 3199 1954 3264 Mamtiai]
1986 3201 2178 3267 Populi
2216 3202 2336 3252 olim
2371 3216 2402 3252 e
2431 3201 2589 3255 Samo

1532 3279 1720 3337 insula,
1742 3293 1775 3328 a
1795 3279 2217 3330 Messanensibus
2247 3280 2469 3343 hospitio
2501 3296 2592 3330 ex·

1532 3355 1696 3419 cepti,
1730 3362 1980 3419 occupata
2014 3355 2163 3419 urbe,
2194 3355 2333 3405 illam
2363 3357 2591 3407 Mamer·

1537 3434 1698 3483 tinam
1717 3434 2076 3498 appellarunt:
2108 3432 2245 3483 uude
2258 3434 2454 3484 Tullius
2467 3433 2589 3484 Aet.
2645 3421 2654 3431 ’

1538 3524 1619 3559 rv.
1638 3518 1695 3560 et
1718 3523 1819 3560 vu.
1837 3506 1899 3559 in'
1917 3509 2136 3559 Verrem
2171 3509 2419 3560 Messana
2451 3511 2590 3567 urbs,

1519 3587 1554 3625 ,⁶
1571 3585 1919 3645 Mamertina,’
1937 3592 1992 3634 et
2015 3585 2190 3655 populi
2207 3585 2594 3643 Messanenses,

1534 3662 1552 3689 ⁸
1571 3660 1874 3710 Mamertini
1892 3658 1907 3682 ⁹
1925 3661 2272 3723 appellantur.

1587 3744 1608 3770 ⁸
1637 3735 1855 3797 Ilienses]
1870 3734 2395 3799 Antiquilliiincolae.
2433 3733 2590 3787 Ilium

1537 3819 1732 3876 autem,
1753 3825 1870 3877 qnoe
1903 3819 1959 3861 et
1990 3810 2171 3873 Troia,
2190 3812 2312 3865 urbs
2345 3811 2592 3877 Phrygia

1535 3888 1759 3939 Minoris
1793 3888 2057 3937 notissima
2089 3889 2228 3938 inter
2266 3887 2413 3949 Idam
2447 3904 2590 3943 mon,-

1539 3972 1643 4015 tem
1678 3964 1745 4015 ad
1769 3965 2065 4029 Orientem,
2092 3973 2150 4015 et
2181 3965 2411 4030 AEgaeum
2443 3981 2590 4019 mars

1535 4042 1604 4093 ad
1627 4043 1990 4113 Occidentem.

1600 4119 1617 4152 ‘
1644 4119 1819 4184 AEdui]
1852 4121 1938 4171 De
1971 4118 2170 4187 AEduis,
2199 4135 2359 4187 supr-a
2389 4120 2590 4185 Pane..

1534 4211 1614 4250 Π.
1635 4204 1685 4250 4.
