3084 4959
756 373 1206 424 summano
1258 374 1351 423 m·
1397 373 1968 425 consummo.
2046 376 2145 424 v1.
2187 361 2254 426 3.
2441 360 2622 428 1325

400 523 561 604 post
603 520 835 585 urbem
879 520 1230 586 conditam
1273 518 1582 585 evenisse
1629 518 1907 586 tandem
1959 522 2483 603 gratulabamur,
2531 529 2618 588 ne

400 621 765 688 mutatoria
810 641 934 705 per
978 641 1195 687 novas
1244 621 1539 686 familias
1583 624 1954 687 communis
2005 624 2248 689 salutis
2291 624 2622 705 guberna-

401 724 558 789 cula
597 724 1040 802 traderentur,
1071 725 1142 789 id
1181 743 1273 789 ex
1313 723 1669 790 omnibus⁰
1706 724 1901 791 duret
1941 726 2283 805 aetatibus,
2316 725 2619 811 Impera-

399 827 581 893 tores
611 825 880 911 semper
912 826 1270 892 Herculei.

491 928 675 996 CAP.
723 945 842 993 111.
929 929 996 993 1.
1045 928 1425 1008 Quemnam
1472 928 1682 1009 igitur
1726 928 2078 1014 utriusque
2109 935 2403 996 vestrum
2445 950 2621 1014 pree·

401 1032 605 1106 conii,
659 1049 743 1097 ac
795 1031 1255 1099 venerationis
1303 1030 1609 1096 ordinem
1660 1032 1962 1097 faciam?
2028 1031 2248 1098 adhuc
2307 1034 2484 1098 enim
2535 1033 2620 1099 de

401 1134 749 1199 amborum
809 1134 877 1198 in
944 1134 1117 1199 hanc
1191 1133 1772 1198 necessitudinem
1849 1135 2376 1216 congruentibus
2434 1137 2619 1203 votis

401 1237 848 1301 communiter
874 1235 1038 1300 dixi.
1127 1234 1194 1299 2.
1239 1234 1333 1299 Et
1361 1241 1431 1299 te
1461 1233 1729 1318 quidem
1762 1235 2004 1311 sentio,
2037 1236 2262 1302 senior
2289 1234 2620 1321 Auguste,

399 1337 766 1422 majestate
817 1337 1245 1422 proecedere3
1300 1345 1371 1428 te
1422 1336 1646 1420 sequi,
1670 1335 1950 1419 junior?
1996 1336 2391 1422 Imperator.
2479 1338 2617 1405 Sed

399 1438 766 1523 profecto,‘¹
811 1438 989 1504 sicut
1019 1441 1160 1516 tuo,
1194 1436 1666 1514 Constantine,
1696 1456 1935 1503 socero
1967 1444 2124 1503 ante
2154 1446 2264 1506 est
2293 1442 2620 1508 concilia-

399 1541 470 1606 ta
499 1540 843 1619 divinitas,
873 1558 1028 1605 cum
1061 1540 1149 1605 ab
1181 1558 1264 1603 eo
1295 1539 1539 1624 pignus
1568 1539 1708 1624 ipsi
1739 1540 2165 1606 carissimum
2210 1544 2618 1625 postulasti;

400 1642 500 1709 ita
527 1661 700 1707 nunc
722 1660 992 1728 quoque
1020 1642 1089 1705 in
1118 1642 1247 1708 hac
1277 1640 1724 1724 gratulatione
1755 1641 1944 1725 prius
1972 1642 2090 1708 illa
2119 1642 2405 1724 dicenda
2431 1651 2618 1725 sunt,

402 1753 558 1829 quae
586 1744 663 1810 in
690 1749 756 1809 te
784 1742 1219 1809 considerans
1248 1747 1477 1809 tantus
1508 1742 1644 1810 iste
1687 1748 1757 1809 et
1798 1746 2059 1828 paterni
2098 1753 2166 1813 et
2203 1748 2340 1812 tui¹
2380 1753 2619 1815 auctor

1329 1906 1418 1930 000
1425 1905 1570 1929 ‘0006
1576 1906 1628 1930 ’ὁ
1634 1906 1695 1930 00

392 2024 598 2091 publice
636 2040 771 2089 prop.
829 2023 1061 2074 Eandem
1104 2024 1239 2073 hanc
1277 2020 1558 2074 lectionem
1603 2022 1655 2072 in
1697 2021 1816 2075 cod.
1861 2021 2003 2074 Pith.
2046 2023 2249 2075 invenit
2285 2031 2341 2076 et
2377 2025 2619 2091 probavit

402 2086 694 2141 Puteanus.
756 2089 861 2140 Sed
899 2094 1074 2154 potest
1106 2095 1324 2151 recepta
1358 2089 1527 2138 locum
1554 2103 1701 2138 suum
1726 2094 2007 2154 utcumque
2032 2087 2207 2138 tueri!
2239 2090 2424 2152 Joeger.
2478 2091 2619 2142 Vide

400 2157 558 2210 Nott.
580 2157 733 2205 Varr.
789 2154 961 2204 Livin.
985 2153 1125 2217 conj.
1147 2154 1338 2204 tandem
1354 2155 1692 2215 ‘rotumnam
1719 2154 1922 2204 Acidal.
1953 2155 2462 2216 tondentes-atulam»-
2486 2188 2501 2205 .
2527 2190 2541 2206 .
2569 2187 2583 2206 .
2603 2188 2619 2206 .

402 2223 678 2273 tradantur.
732 2218 909 2268 Vatic.
942 2220 1069 2269 Vet.
1099 2219 1320 2268 Putean.
1348 2219 1471 2268 Vet.
1495 2218 1666 2267 Livin.
1690 2219 1896 2269 Berlin.
1916 2218 1969 2269 id
1993 2233 2057 2267 ex
2072 2234 2091 2277 ,-
2127 2219 2344 2283 Cuspiu.
2368 2222 2421 2271 id
2441 2225 2512 2270 eet
2533 2222 2621 2271 hoc

400 2285 633 2336 omnibus.
682 2284 1017 2334 ‘Lectiouem
1055 2284 1179 2332 Vel.
1202 2283 1318 2331 Liv.
1339 2290 1396 2333 et
1418 2283 1569 2334 Bert.
1606 2284 1661 2332 iet
1692 2298 1772 2340 ex,
1807 2283 1967 2332 habet
2004 2298 2210 2348 qnoque
2239 2285 2368 2335 Put.
2399 2284 2541 2335 Gud.
2566 2292 2624 2336 et

401 2351 578 2402 Moerl.
631 2350 1063 2401 Emendationem
1086 2346 1303 2398 Gruteri
1321 2346 1374 2396 id
1395 2353 1465 2397 est
1489 2351 1741 2399 mutantis
1766 2351 1816 2397 in
1840 2349 1966 2398 idem
1990 2349 2213 2411 protulit
2245 2350 2403 2400 eliam
2426 2350 2621 2400 Putea.

401 2430 517 2468 nus.
569 2414 928 2468 Schouhovius
961 2414 1012 2463 in
1049 2414 1284 2476 margine
1312 2411 1397 2460 ed.
1433 2413 1600 2464 Rhen.
1626 2416 1912 2476 annotavit,
1951 2423 2067 2476 post
2099 2427 2274 2464 vocem
2299 2416 2621 2480 traderentur,

400 2475 487 2531 hoc
512 2480 741 2530 omnibus.
799 2477 978 2529 Possit
1001 2478 1225 2528 fortasse
1239 2476 1393 2541 jungi
1417 2476 1543 2528 idem
1573 2479 1675 2529 Ιιοσ.
1742 2479 2024 2543 Vulgatum
2053 2479 2108 2528 ia
2128 2484 2200 2529 est
2225 2480 2399 2530 locum
2420 2480 2507 2529 hic
2529 2479 2620 2530 ha·

403 2544 530 2595 bere
551 2559 655 2595 non
675 2559 826 2609 posse
849 2544 1001 2595 facile
1028 2549 1193 2606 patet.
1262 2543 1434 2592 Ausus
1457 2558 1566 2591 sum
1584 2544 1763 2607 itaque
1787 2557 1905 2593 cum
1930 2543 2055 2593 Put.
2076 2542 2233 2594 Grut.
2255 2551 2311 2594 et
2326 2545 2449 2597 Pat.
2464 2558 2619 2608 repo·

400 2625 529 2661 nere
549 2611 710 2669 idean
742 2610 869 2659 licet
904 2609 1134 2658 clausula
1163 2606 1440 2657 sententias
1466 2608 1774 2671 imperatores
1803 2622 1987 2672 semper
2009 2607 2239 2657 Herculei
2271 2624 2387 2660 cum
2413 2617 2620 2659 antece·

403 2675 663 2726 dentibus.
677 2674 849 2725 verbis
868 2675 971 2724 n‘on
995 2672 1121 2723 satis
1144 2671 1279 2723 belle
1303 2672 1572 2722 cohaerere
1596 2672 1857 2721 videatur.
1920 2672 2025 2723 Sed
2047 2673 2097 2721 in
2114 2671 2257 2722 hisce
2277 2674 2623 2737 scriptoribus

402 2756 507 2791 nou
533 2738 703 2790 omnia
729 2739 794 2789 ad
818 2752 1052 2788 severam
1076 2736 1287 2786 dicendi
1310 2737 1479 2799 legem
1504 2751 1618 2785 esse
1644 2738 1923 2800 exigenda,
1958 2736 2201 2787 constat.'
2232 2738 2417 2802 Joeger.
2484 2738 2620 2789 Vide

402 2807 561 2860 Nott.
583 2806 738 2855 Varr.
794 2805 1113 2865 Imperatores
1132 2802 1254 2852 dicei
1275 2816 1457 2865 semper
1480 2801 1701 2851 Herculii
1724 2802 1847 2851 Vet.
1869 2802 2098 2851 Putean-

470 2872 608 2921 CAP.
632 2883 721 2918 ιιι.
753 2871 780 2917 1
812 2868 964 2923 Quem
984 2867 1140 2929 igitur
1160 2868 1367 2916 Ber-tin.
1423 2866 1686 2921 Quemnam
1708 2867 1844 2930 conj.
1871 2865 2075 2916 Acidal.
2132 2865 2367 2922 Quaenm
2387 2864 2620 2931 Guelph.

402 2934 478 2988 H.
504 2933 686 2998 Steph.
723 2932 892 2982 Rivin.
928 2932 1165 2982 Rhenan.
1220 2933 1280 2981 de
1314 2929 1537 2979 ambobus
1573 2930 1746 2980 Riviu.
1794 2933 1854 2980 de
1885 2931 2126 2980 amborum
2159 2930 2283 2981 Vet.
2324 2930 2466 2982 Pith.
2500 2932 2623 2984 Vct.

402 2998 612 3050 Bertin.
653 2998 784 3046 Exc.
817 2997 983 3058 Lang.
1024 2994 1241 3059 cuspin.
1274 3002 1330 3044 et
1364 2993 1484 3043 edd.
1522 3001 1653 3045 vett.
1707 2995 2075 3056 congruentibus
2095 2994 2226 3046 vobis
2248 2995 2477 3059 Guelph.
2501 2995 2624 3048 edd.

403 3072 536 3115 vett.
591 3061 959 3123 congruentibus
995 3061 1119 3109 votis
1151 3060 1281 3108 Exc.
1318 3058 1582 3122 Lang.-2
1617 3059 1855 3109 Rhenan.
1893 3059 1963 3108 H.
1993 3065 2049 3109 et
2075 3060 2141 3107 P.
2160 3059 2344 3123 Steph.
2367 3070 2421 3109 et
2446 3060 2622 3112 Rivin.

403 3128 648 3192 mqiestati
663 3143 683 3186 ;
709 3126 832 3176 Vet.
855 3126 1081 3176 Putean.
1103 3124 1229 3175 Vat.
1255 3122 1424 3172 Livin.
1445 3128 1500 3172 et
1526 3122 1650 3173 edd.
1679 3130 1905 3173 recentt.
1928 3123 2194 3186 majestate.
2249 3123 2458 3175 Acidal.
2490 3127 2625 3196 conj.

403 3196 531 3245 sicut
550 3208 656 3243 cum
685 3197 784 3247 tuo,
821 3191 903 3240 vel
926 3190 1053 3239 sicut
1088 3188 1139 3237 in
1172 3194 1253 3237 tuo
1267 3203 1288 3247 ,·
1329 3189 1430 3244 vel,
1456 3188 1580 3236 sicut
1611 3189 1702 3239 tui.
1769 3189 1917 3251 Mox,
1943 3190 2143 3239 Ber-tin.
2165 3194 2278 3238 ante
2301 3193 2348 3239 te
2367 3191 2624 3241 conciliata

402 3253 593 3310 civitas.
651 3255 849 3306 Acidal.
872 3254 1011 3318 conj.
1030 3252 1297 3304 consiliata.
1326 3259 1341 3283 ‘
1364 3253 1468 3302 Pro
1491 3267 1632 3317 quam
1646 3254 1706 3303 ab
1718 3267 1789 3310 eo,
1806 3255 1921 3303 cod.
1944 3253 2085 3304 Gud.
2110 3254 2345 3304 Rhenan.
2364 3264 2417 3305 et
2437 3256 2621 3319 Steph-

405 3339 577 3388 quum,·
617 3322 833 3385 Cuspin.
870 3321 1043 3370 Lirin.
1083 3318 1207 3368 Put.
1244 3317 1408 3380 Lang.
1435 3324 1491 3366 et
1518 3319 1692 3367 Moerl.
1722 3334 1846 3367 cnm.
1897 3319 2001 3369 Sed
2028 3320 2153 3383 jure
2176 3321 2468 3384 meritoque
2491 3320 2622 3370 illud

404 3403 546 3452 quam
569 3393 620 3438 in
644 3387 926 3449 Langianis
951 3382 1176 3443 schedis,
1197 3382 1436 3432 Livineio
1462 3388 1616 3441 teste,
1653 3390 1938 3447 repertum,
1963 3385 2144 3434 melius
2166 3400 2280 3435 esse
2292 3385 2536 3449 judicant
2557 3385 2623 3438 P.

403 3452 618 3510 Daniel,
657 3451 990 3515 Bongarsins,
1029 3450 1257 3499 Putean.
1296 3448 1453 3497 Grut.
1488 3454 1546 3498 et
1581 3456 1892 3512 receperunt
1928 3449 2275 3513 parisienses,
2310 3450 2540 3501 Patarol.
2567 3459 2624 3500 et

408 3515 619 3568 Cellarss
648 3518 836 3578 Joeger.
900 3517 917 3545 ‘
936 3515 1002 3564 In
1039 3513 1268 3577 Guelph.
1304 3522 1387 3564 est
1412 3512 1472 3561 ab
1505 3528 1582 3573 ea,
1608 3516 1848 3563 nimirum
1877 3514 2166 3574 divinitate»,-
2207 3529 2385 3578 parum
2421 3514 2627 3565 refert!

406 3582 582 3631 Arntz.
638 3581 901 3642 postulares
921 3578 1042 3629 edd.
1074 3586 1205 3627 vett.
1260 3578 1514 3640 postulasti
1539 3578 1662 3628 Vet.
1685 3580 1913 3629 Putean.
1937 3580 2063 3629 Vat.
2086 3580 2262 3628 Moerl.
2287 3579 2510 3643 Guoelph.
2553 3579 2626 3628 eie

405 3651 454 3697 et
478 3660 603 3695 nunc
623 3658 802 3707 quoque
818 3644 939 3694 edd.
962 3650 1083 3692 ante
1105 3643 1292 3692 Arntz.
1344 3643 1419 3692 ite
1439 3658 1564 3692 nunc
1584 3658 1764 3707 qaoque
1790 3644 1910 3694 Vet.
1933 3644 2102 3692 Liviu.
2122 3653 2175 3692 et
2202 3643 2431 3707 Guelph.
2474 3643 2623 3699 Mox.

408 3709 616 3763 Acidal.
638 3710 777 3773 conj.
810 3714 859 3758 σε
887 3708 1100 3772 paterni,
1131 3712 1181 3756 et
1214 3706 1338 3757 aviti
1373 3711 1540 3756 autor
1574 3708 1802 3771 imperii,-
1842 3707 2068 3773 Guelph.
2090 3720 2223 3758 amor
2243 3706 2450 3771 imperii.
2516 3707 2626 3762 Pro

1409 3851 1628 3902 NOTAE
2127 3901 2138 3908 ‚

405 3953 585 4019 lippis,
602 3966 721 4003 cum
741 3949 878 4000 filius
901 3950 1038 4013 patri
1060 3946 1334 3998 successit.
1562 3948 1935 4000 Constantinus
1952 3946 2144 4012 agebat
2165 3962 2353 3998 annum
2376 3953 2462 4001 84.

474 4038 500 4063 ⁰
533 4030 596 4079 Ia
621 4042 686 4078 ex
723 4025 963 4088 omnibus]
1015 4024 1162 4087 Lege
1195 4038 1314 4073 cum
1337 4022 1477 4075 Gru·
1624 4034 1649 4069 «ι
1684 4026 1785 4077 Sed
1801 4025 2038 4089 prosecta]
2076 4026 2330 4076 Versatur
2372 4027 2423 4076 in
2461 4026 2620 4077 lubri-

410 4114 523 4160 πετο
545 4108 687 4163 idm,
710 4104 794 4155 vel
816 4118 935 4154 cum
967 4102 1083 4153 aliis
1104 4102 1174 4152 id.
1560 4115 1623 4154 co
1664 4103 1800 4164 loco,
1848 4102 2036 4153 dubius
2081 4103 2249 4153 utrius
2299 4103 2625 4167 imperatoris

496 4191 524 4228 Ρ
575 4182 783 4245 Junior]
850 4182 908 4233 Si
963 4196 1084 4233 cum
1136 4179 1477 4245 sesagenario
1559 4178 1740 4230 laudes
1763 4177 1985 4241 primum
2010 4185 2374 4244 persequatur.

411 4261 731 4315 Maximiano
793 4256 1118 4322 conferatur,
1169 4257 1283 4323 ipse
1337 4256 1476 4309 enim
1622 4264 1644 4320 ξ’
1678 4256 1747 4309 Ee
1772 4254 2037 4322 pata-niet
2064 4254 2165 4320 tui]
2198 4255 2546 4308 Maximianus
2569 4267 2625 4307 e·
