3084 4959
934 337 1420 389 consun‘rio
1466 337 1786 388 mnsam.
1864 339 1938 388 v.
1978 323 2092 390 21.
2438 326 2612 394 1303

407 481 950 566 Lingonicoque‘
975 483 1294 561 restabat,
1316 483 1604 549 barbaro
1629 482 1887 549 cultore
1907 486 2273 552 revirescit.
2328 485 2394 552 2.
2423 484 2613 567 Quin

403 586 606 650 etiam
636 585 776 664 illa,
808 585 999 669 cujus
1023 586 1287 649 nomine
1315 584 1478 650 mihi
1506 586 1939 670 peculiariter
1966 587 2455 671 gratulandum,
2489 590 2608 655 de-

403 687 755 776 votissima
782 690 980 753 vobis
1010 687 1255 753 civitas
1279 687 1660 752 AEduorum
1688 708 1773 753 ex
1805 688 1933 754 hac
1964 688 2368 755 Britannicae
2396 689 2614 757 facul-

407 796 547 855 tate
577 791 884 856 victoriae
915 790 1258 875 plurimoS,
1283 790 1528 873 quibus
1558 790 1697 855 illae
1726 792 2095 876 provinciae
2125 791 2608 873 redundabant,

407 894 675 977 accepit
719 892 1030 970 artificeS,
1061 900 1129 958 et
1170 912 1366 971 nunc,
1396 895 1851 959 exstructione
1892 901 2187 962 veterum
2231 895 2606 973 domorum,

410 1003 481 1060 et
520 998 877 1062 refectione
923 1014 1195 1080 operum
1236 994 1685 1079 publicorum,
1729 1004 1799 1061 et
1839 998 2238 1081 templorum
2282 997 2613 1064 instaura-‘-

411 1101 595 1164 tione
636 1098 999 1181 consurgit·
1087 1096 1287 1162 Nunc
1326 1096 1459 1161 sibi
1489 1096 1818 1162 redditum
1853 1108 2046 1165 vetus
2075 1099 2240 1164 illud
2275 1098 2611 1166 Romanae

409 1201 843 1267 fraternitatis
883 1220 1116 1266 nomen
1155 1199 1521 1277 existimat,
1554 1219 1708 1265 cum
1741 1208 1806 1266 te
1837 1222 2066 1266 rursus
2093 1202 2347 1269 habeat
2377 1202 2609 1270 condi·-

413 1313 646 1371 torem.
731 1305 796 1370 3.
844 1304 1039 1382 Dixi,
1069 1302 1304 1369 Caesar
1346 1304 1618 1380 invicte,
1646 1323 1861 1387 prope
1898 1305 2094 1387 plura
2146 1326 2347 1389 qnam
2390 1306 2609 1389 potui,

413 1404 532 1472 sed
584 1408 905 1491 pauciora
951 1425 1153 1490 quam
1198 1405 1422 1481 debui,
1470 1410 1544 1469 ut
1583 1404 1973 1487 Justissima
2016 1406 2178 1471 mihi
2240 1426 2453 1477 causa
2496 1409 2609 1486 sit,

406 1511 700 1595 propitio
731 1512 992 1575 numine
1022 1517 1164 1587 tuo,
1194 1514 1264 1574 et
1292 1526 1466 1573 nunc
1497 1508 1867 1585 desinendi,
1900 1515 1968 1606 et
2000 1529 2183 1595 saepe
2210 1510 2499 1577 dicendi.

1318 1674 1695 1697 eunom

324 1784 330 1791 ·
411 1768 531 1821 edd.
569 1774 696 1820 vett.
746 1770 907 1820 Burro
927 1771 1125 1831 cultore,
1146 1769 1213 1819 ai.
1265 1770 1465 1820 barbaro
1487 1772 1619 1822 Exc.
1644 1771 1805 1831 Lnng.
1827 1769 2041 1831 cuspin.
2093 1767 2230 1818 vide
2267 1769 2420 1819 Nott.
2456 1769 2612 1820 Varr.

411 1839 507 1884 -·-2
541 1835 676 1885 Gud.
714 1839 765 1884 Ξ.
802 1829 1043 1898 quibus'i.
1074 1850 1125 1898 p.
1149 1835 1569 1886 abundabant—3
1605 1827 1830 1899 Guelpb.
1852 1835 2129 1895 justissima
2154 1834 2273 1884 milti
2299 1836 2418 1883 sint.
2471 1835 2612 1885 Edd.

410 1900 979 2029 ἕξὲῑεὶξῗῗξζοῶὶζῖνε
994 1916 1014 1957 ,·
1038 1901 1160 1951 Vct.
1189 1900 1356 1949 Livin.
1387 1900 1593 1950 Bet-tin.
1617 1901 1833 1965 cuspin.
1856 1900 2084 1965 Guelph.
2108 1900 2265 1950 Grut.
2284 1900 2460 1949 Rivin.
2481 1904 2531 1950 2.
2556 1907 2613 1950 et

1397 2063 1613 2114 Nom-2

413 2176 549 2220 nem,
585 2160 638 2211 iu
676 2160 943 2223 provincia
979 2160 1177 2210 Insula
1215 2160 1469 2222 Franciae,
1552 2167 1632 2210 est
1651 2160 1747 2228 gub
1761 2159 2153 2224 archiepiscopo
2170 2159 2471 2217 senonensi,
2489 2160 2610 2209 olim

410 2240 535 2289 alias
559 2238 968 2301 Caesaromagus,
992 2251 1084 2286 seu
1108 2237 1467 2300 Brantuspan·
1550 2235 1947 2301 Augustobona.

410 2317 558 2365 tium.
626 2314 796 2378 Hujus
818 2314 1095 2378 episcopus
1126 2329 1257 2365 unus
1291 2323 1369 2364 est
1402 2328 1469 2364 ex
1610 2319 1631 2345 ¹
1664 2311 2046 2378 Lingoaiooque]
2071 2311 2348 2374 Lingones,
2372 2312 2613 2375 Laneus,

413 2392 685 2444 duodecim
711 2392 944 2441 Franciae
970 2390 1209 2441 Patibus.
1549 2391 1672 2441 urbs
1695 2392 1882 2441 Gallim
1903 2389 2118 2441 Celticae
2140 2389 2193 2438 in
2212 2381 2529 2453 Burgundiae
2553 2401 2610 2441 et

375 2483 393 2499 ⁹
476 2479 501 2514 ἱ
544 2469 837 2534 Triennium]
883 2467 1182 2531 Tricnsini,
1216 2481 1308 2517 seu
1344 2467 1468 2517 Tre·
1551 2466 1849 2531 Campaniae
1881 2465 2104 2515 confinio
2128 2465 2194 2515 ad
2215 2464 2388 2517 fontes
2411 2467 2613 2517 Matro-

407 2561 601 2602 casses,
641 2547 832 2609 Troum,
853 2543 977 2593 urbs
1005 2542 1196 2593 Gauiae
1232 2542 1471 2605 Ceiticoe,
1553 2559 1636 2595 nae
1653 2543 1793 2594 fluvii
1812 2559 1828 2604 ;
1850 2543 1971 2592 olim
1992 2542 2427 2593 Andematunum.
2458 2545 2611 2609 Epis·

413 2628 466 2676 in
480 2625 710 2689 Belgicae
724 2623 962 2681 confinio,
976 2621 1274 2687 Campaniae
1291 2628 1472 2684 capnt,
1552 2636 1712 2687 copus
1735 2626 1814 2671 est
1836 2620 1942 2671 dux
1966 2625 2020 2670 et
2037 2620 2145 2670 Par
2160 2611 2416 2671 Franciae.

415 2706 478 2755 ad
514 2704 801 2769 Sequanam
837 2700 1066 2753 fluvium.
1145 2700 1471 2766 Episcopalis
