3084 4959
479 366 656 436 1196
1049 380 1500 432 mansarum
1550 379 1700 430 cau
1714 377 2143 432 maniacus

479 526 545 577 In
580 527 685 577 fine
724 525 982 575 rationem
1022 522 1179 576 affert
1220 540 1316 576 cnr
1349 539 1417 576 ex
1461 523 1682 576 infinitis
1716 525 2088 590 Imperatorum
2123 519 2406 574 virtutibus
2441 520 2537 572 has
2567 519 2699 571 duas

548 606 873 672 potissimum
896 605 1133 669 elegerit,
1157 620 1286 672 quas
1308 606 1658 658 Genethliaca
1676 604 1766 656 illa
1783 606 2016 656 oratione
2037 603 2457 655 commendarett
2485 608 2501 632 ⁶
2524 601 2706 666 Qui-,²

548 688 742 752 inquit,
762 688 777 715 ‘
796 695 992 738 ceterae
1012 687 1253 743 virtutes,
1280 695 1337 737 ut
1356 685 1637 750 fortitudo,
1661 686 2005 750 continentia,
2019 685 2255 750 Justitia,
2278 683 2556 748 sapientia,
2580 697 2700 748 pro·

548 781 701 819 censu
725 767 897 818 etatis
916 768 1164 817 eveniunt
1185 781 1201 816 ε
1236 767 1363 817 solas
1388 780 1505 817 cum
1529 766 1864 815 nascentibus
1890 767 2086 829 pariter
2107 765 2349 815 oriuntur
2372 764 2567 828 pietas,
2586 764 2699 813 feli·

546 846 819 912 citasque.'
886 845 1164 896 Concludit
1196 845 1381 895 eadem
1414 847 1676 896 sententia
1699 861 1801 911 qua
1824 846 2116 910 inceperat,
2147 844 2460 896 felicitatem
2482 845 2619 895 illam
2645 852 2702 894 et

547 928 800 992 pietatem
831 934 1103 992 acceptam
1136 925 1323 976 referri
1356 932 1607 991 oportere
1643 926 1872 990 ipsorum
1902 926 2183 977 natalibus.
2253 925 2336 974 Ad
2358 926 2592 974 ultimum
2613 939 2703 974 na·

550 1010 722 1059 valem
762 1007 1032 1059 victoriam
1070 1007 1319 1057 ambobus
1361 1013 1699 1071 apprecatur,
1740 1021 1842 1071 qua
1879 1007 2037 1072 digna
2077 1013 2162 1057 est
2203 1006 2475 1072 utriusque
2514 1005 2714 1071 pietas,

550 1103 709 1157 qnam
729 1094 987 1157 prnstare
1009 1093 1189 1153 potest
1214 1085 1464 1150 felicitas,
1487 1098 1606 1150 cap.
1630 1099 1751 1137 nx.

487 1290 667 1358 CAP-
724 1306 777 1356 1.
851 1289 918 1353 1.
974 1260 1280 1354 OMNES
1334 1288 1611 1374 quidem
1662 1288 1993 1369 homines,
2045 1288 2502 1361 sacratissime
2563 1288 2700 1355 Im-

486 1398 773 1478 perator,
824 1391 945 1477 qui
998 1391 1347 1477 majestati
1404 1397 1651 1457 vestrae
1709 1391 1947 1456 laudes
2005 1399 2280 1469 canunt,
2331 1399 2401 1456 et
2450 1392 2703 1475 gratias

487 1501 721 1578 agunt,
764 1493 1061 1574 debitum
1105 1492 1300 1557 vobis
1340 1500 1671 1558 conantur
1715 1493 2116 1558 exsolvere:
2179 1493 2332 1577 quis
2377 1495 2554 1558 enim
2601 1501 2706 1558 est

485 1596 607 1680 q'ui
638 1601 874 1679 posset
918 1594 1244 1678 implere?
1289 1595 1515 1660 sentio
1546 1603 1797 1674 tamen,
1828 1615 2004 1671 ame
2035 1597 2375 1680 praecipue
2407 1596 2535 1660 hoc
2567 1596 2702 1680 piae

487 1700 680 1762 vocis
721 1695 1015 1761 officium
1046 1695 1200 1779 jure
1240 1697 1539 1783 quodam
1581 1698 2007 1763 sacrosancti
2039 1698 2318 1764 foenoris
2357 1698 2704 1781 postulari,

489 1805 567 1864 ut
610 1799 1158 1883 expectationem
1199 1800 1521 1864 sermonis
1563 1798 1733 1884 ejuS,
1770 1820 1970 1885 quem
2010 1801 2148 1865 tuis
2194 1800 2707 1884 quinquennali·

487 1900 616 1965 bus
634 1908 661 1936 ⁸
688 1920 1246 1985 praeparaveram,
1269 1902 1395 1968 hac
1428 1902 1675 1985 gemini
1699 1903 1944 1967 natalis
1962 1899 1989 1939 ¹³
2018 1903 2498 1987 praedicatione
2522 1922 2705 1968 com·

1418 2048 1537 2068 ”00
1542 2048 1783 2070 00000000
1807 2050 1812 2054 ”

555 2130 726 2194 Hujus
750 2132 954 2195 Paneg·
975 2131 1181 2181 Titulus
1203 2132 1279 2182 sic
1313 2132 1506 2197 legitur
1526 2132 1581 2183 iu
1599 2135 1758 2188 codd.
1791 2135 1859 2185 P.
1871 2133 2083 2197 eiusdem
2109 2132 2707 2185 Gaetuliam-Maxim·-

490 2195 575 2245 ani
595 2196 659 2245 A.
679 2200 727 2247 et
758 2196 1062 2247 Diocletiani.
1096 2196 1218 2246 vid.
1241 2197 1396 2248 Nott.
1424 2198 1578 2249 Varr-

558 2262 696 2310 Csp.
717 2275 756 2310 r.
794 2264 820 2310 1
844 2264 862 2290 ⁴
879 2261 1064 2311 Variat
1101 2260 1214 2312 haec
1236 2263 1571 2328 compellatio
1593 2265 1645 2314 in
1670 2263 1883 2327 scriptis
1905 2263 2214 2326 excusisque
2237 2262 2397 2312 libris.
2461 2260 2711 2312 Puteola·

490 2338 606 2386 nas,
626 2327 691 2374 B.
716 2326 1015 2383 Rhenanus,
1039 2327 1258 2385 Navius,
1297 2328 1372 2378 H.
1408 2328 1729 2391 Stephanus,
1754 2330 1991 2395 ,Rivinus
2020 2330 2237 2389 habeut,
2271 2340 2407 2377 sacer
2430 2327 2711 2390 imperator.

490 2390 670 2445 Ceteri
708 2391 944 2451 edidere,
976 2392 1296 2442 sacratissime
1332 2394 1633 2456 [superator-,-
1665 2404 1823 2459 prout
1857 2395 2015 2444 etiam
2040 2395 2092 2444 iu
2124 2408 2240 2443 meo
2275 2392 2459 2443 codice
2495 2392 2708 2456 legitur.

490 2453 646 2507 Alter
667 2455 801 2505 liber
823 2455 1095 2507 Gudianus
1133 2473 1199 2507 ex
1235 2458 1336 2509 alio
1357 2459 1585 2523 quodam
1620 2461 1803 2510 codice
1826 2460 1933 2509 Ms.
1968 2466 2274 2509 annotatum
2315 2457 2510 2522 prodit,
2547 2471 2709 2507 sacra·

487 2519 668 2569 tissimi
690 2521 1021 2585 Imperatores.
1057 2522 1189 2573 Quoe
1211 2525 1549 2586 compellatio
1571 2526 1736 2587 magis
1755 2526 2034 2575 convenire
2054 2525 2296 2573 videatur
2323 2538 2439 2572 cum
2462 2522 2709 2584 proximis

491 2584 683 2641 verbis,
712 2586 893 2634 Omnes
908 2587 1093 2649 quidem
1114 2587 1345 2651 homines,
1358 2590 1681 2639 sacratissimi
1697 2591 2029 2652 Imperatores,
2043 2589 2126 2653 qui
2148 2589 2389 2650 majestati
2412 2593 2585 2637 vestra
2605 2586 2711 2664 lau·

489 2650 574 2701 aes
591 2656 786 2705 essunt,
806 2652 891 2714 ᾅτ.
958 2651 1062 2700 Sed
1087 2653 1214 2702 nihil
1238 2652 1581 2703 mutandum-³
1603 2655 1843 2704 Schm-
1881 2655 2024 2705 Pith.
2044 2668 2128 2716 ap.
2145 2654 2372 2703 Putean.
2391 2651 2709 2702 sacratissimi

396 2770 404 2777 ‚
493 2714 809 2776 Imperatores
824 2731 845 2774 ,-
881 2715 958 2764 sic
973 2732 1177 2780 qnoque
1192 2718 1326 2767 Exc.
1345 2718 1498 2770 Voss.
1533 2721 1723 2768 laudem
1745 2726 1919 2769 canunt
1942 2718 2097 2769 codd.
2122 2719 2382 2769 Schwarz.
2403 2726 2462 2768 et
2481 2716 2707 2779 Guelph.

491 2779 687 2830 lauden
705 2785 885 2829 canunt
905 2782 1039 2831 Exc.
1060 2782 1212 2832 Voss.
1244 2789 1259 2812 ⁴
1279 2782 1425 2833 Alias
1447 2783 1502 2834 in
1516 2785 1754 2834 omuibus
1779 2787 1982 2847 excusis
1999 2785 2144 2834 libris
2159 2783 2617 2848 legebatur-,sentio
2637 2787 2712 2831 ta-

481 2857 614 2905 m,
627 2859 659 2892 a
677 2858 751 2893 me
770 2844 859 2893 boe
870 2846 1108 2909 proeciptoe
1125 2853 1330 2910 tempore
1350 2848 1437 2897 hoc
1454 2849 1690 2913 pioevocis
1703 2849 1926 2916 officium,
1938 2852 2022 2914 ⁸50·
2055 2849 2160 2900 Sed
2187 2863 2358 2909 voces,
2377 2849 2465 2897 hoc
2487 2853 2711 2911 tempore,

489 2907 544 2957 iu
563 2921 680 2958 meo
701 2908 886 2959 codice
910 2924 1008 2959 uon
1034 2911 1310 2974 legun'tur3
1337 2913 1520 2964 abesse
1543 2915 1701 2964 etiam
1726 2915 1791 2964 ab
1803 2915 1919 2975 ‚liis
1942 2913 2223 2974 codicibus,
2241 2920 2543 2964 annotatum
2561 2912 2710 2963 estin

491 2979 717 3037 utroque
739 2974 873 3026 libro
894 2974 1160 3028 Gudiauo.
1228 2979 1299 3028 Et
1321 2978 1457 3029 bene
1488 2979 1677 3031 abesse
1712 2987 1960 3045 possunt3
1995 2980 2170 3037 immo,
2193 2979 2291 3030 nisi
2314 2977 2489 3042 fallor,
2524 2977 2707 3029 abesse

1486 3105 1538 3157 N
1546 3106 1717 3158 01·AE

558 3207 584 3235 ⁸
618 3200 733 3251 Tuis
767 3201 1219 3266 quinquennalibus]
1253 3204 1560 3269 Quinquen-

492 3277 708 3339 nalium‚
729 3279 1103 3338 decennalium,
1124 3281 1473 3333 vicennalium
1502 3289 1563 3335 et

495 3354 858 3405 tricennalium
901 3355 1165 3407 institutio
1206 3356 1274 3406 ab
1317 3356 1561 3422 Augusto

493 3431 757 3492 manavit3
792 3430 859 3480 de
881 3445 983 3496 quo
1005 3432 1077 3481 ita
1102 3433 1207 3482 Dio
1234 3432 1327 3481 lib.
1348 3447 1470 3484 nm.
1496 3432 1562 3486 A.

492 3507 564 3557 11.
598 3507 660 3558 C.
691 3511 810 3558 ⁷⁸7.
855 3506 1125 3572 Augustus
1159 3509 1447 3559 orationem
1471 3508 1560 3562 hs-

492 3582 611 3634 buit
632 3583 684 3632 in
706 3590 911 3648 senatu,
928 3596 1033 3650 qua
1047 3599 1104 3635 se
1120 3584 1391 3649 imperium
1415 3586 1563 3638 abdi-

494 3675 615 3711 care
640 3661 774 3710 velle
800 3675 909 3723 proe
934 3675 991 3711 se
1015 3660 1157 3723 tulit,
1171 3659 1266 3709 sed
1283 3661 1562 3711 reclaman-

495 3736 638 3787 tibus
692 3736 946 3786 universis
1001 3736 1272 3801 imperium
1329 3737 1564 3788 retinere

495 3813 739 3864 videlicet
777 3821 1009 3872 coactus,
1032 3813 1283 3864 ordinatis
1317 3814 1565 3865 distribu-

494 3887 666 3952 tisque
721 3889 1018 3952 provinciis,
1065 3895 1378 3951 potestatem
1435 3890 1569 3953 reip.

494 3963 877 4016 constituendae
902 3964 953 4013 in
989 3964 1294 4014 decennium
1315 3966 1567 4030 suscepit,

495 4040 757 4105 professus
788 4054 865 4101 se,
887 4041 930 4089 si
964 4041 1256 4105 provincias
1278 4056 1470 4106 pacare
1493 4042 1568 4092 ci·

496 4118 601 4168 tius
626 4126 823 4183 posset,
844 4117 1066 4181 imperio
1100 4132 1386 4170 cessurum.
1453 4120 1565 4169 De·

496 4193 680 4244 cennio
700 4193 958 4255 confecto,
981 4191 1386 4258 quinquennium
1421 4194 1566 4244 aliud

496 4268 766 4320 decretum
784 4276 884 4327 est,
900 4283 1003 4335 quo
1025 4269 1235 4319 evoluto
1255 4268 1396 4320 aliud
1413 4269 1564 4336 quin·

1641 3206 1937 3271 quenuinm,
1955 3211 2074 3270 post
2090 3204 2415 3261 decennium,
2432 3202 2554 3253 inde
2570 3200 2709 3251 aliud

1642 3280 1952 3332 decennium
1983 3281 2216 3347 ejusdem
2244 3281 2465 3332 decreto
2497 3286 2710 3330 senatus

1644 3358 1883 3408 accessit.
1960 3357 2112 3409 Adeo
2168 3365 2228 3409 ut
2284 3364 2449 3408 totum
2502 3353 2711 3418 imperii

1642 3434 1844 3498 tempus
1879 3449 1975 3500 per
1998 3436 2353 3500 quinquennia
2375 3442 2432 3484 et
2453 3432 2711 3483 decennia

1641 3509 2012 3561 conficeretur.
2078 3513 2247 3564 Quam
2283 3512 2352 3562 ob
2385 3522 2594 3561 causam
2634 3507 2712 3558 in-

1642 3588 1774 3654 quit,
1788 3588 2102 3653 posteriores
2125 3602 2333 3654 quoque
2351 3588 2711 3650 imperatores,

1643 3663 1743 3713 etsi
1780 3678 1879 3714 non
1917 3663 1981 3713 ad
2021 3671 2223 3713 certum
2268 3670 2489 3725 tempus.
2525 3660 2618 3711 sed
2656 3660 2709 3710 in

1643 3753 1846 3790 omnem
1894 3740 2051 3791 vitam
2103 3740 2569 3800 constituerentur,
2618 3751 2715 3802 per

1645 3814 1898 3865 decennia
1928 3816 2166 3866 solennes
2188 3815 2300 3865 dies
2329 3815 2576 3879 agebant,
2599 3822 2713 3867 tsn-

1647 3906 1802 3958 quam
1841 3891 2047 3955 imperii
2085 3904 2273 3940 novum
2311 3890 2514 3942 initium
2555 3904 2715 3955 cape-

1647 3973 1785 4032 rent,
1797 3967 1934 4034 quod
1956 3983 2117 4032 usque
2131 3967 2287 4017 hodie
2300 3966 2410 4017 fieri
2430 3968 2723 4035 consuevit.

1646 4045 1737 4095 Ita
1787 4043 1951 4094 refert
2004 4058 2072 4094 ex
2122 4045 2298 4094 Dione
2348 4043 2604 4094 Petavius
2645 4043 2717 4095 de

1648 4121 1810 4170 Doct.
1827 4120 2017 4183 Temp.
2040 4133 2101 4171 ιι.
2124 4124 2241 4170 89.u
2573 4152 2584 4162 ·

1710 4194 1736 4229 δ
1772 4195 1967 4245 Gemini
1987 4194 2188 4259 natalis]
2218 4195 2284 4244 In
2320 4194 2450 4245 sctis
2472 4192 2717 4247 Marcelli

1644 4272 1963 4324 centurionis
1984 4273 2082 4323 sub
2113 4273 2443 4325 Diocletiano
2465 4280 2519 4325 et
2544 4272 2716 4325 Maxi·
