3084 4959
932 327 1469 377 coNs‘rAn‘rmo
1516 328 1697 376 Aue.
1772 328 1889 380 rx.
1930 313 2042 380 13.
2407 315 2581 382 1419

385 481 575 554 rant,-
586 472 890 559 quotidie
922 474 1300 557 poeniteret.
1387 471 1454 539 2.
1496 471 1785 539 Gladius
1829 474 1965 552 ille,
1997 494 2195 559 quem
2241 475 2314 540 in
2360 483 2432 542 te
2463 476 2584 544 de·

387 579 751 646 strinxerat
778 576 997 643 hostis
1025 575 1333 653 infestus,
1361 575 1516 660 ipse
1544 575 1794 640 domini
1824 578 1930 643 sui
1954 597 2192 644 manus
2219 579 2457 661 tenuit,
2486 587 2581 658 et,

385 690 670 767 paratus
701 680 788 747 ad
818 678 1100 757 caedem,
1120 684 1353 744 custos
1381 677 1607 744 factus
1635 684 1742 745 est
1769 679 1856 744 ad
1884 682 2190 748 salutem.
2275 683 2342 747 3.
2388 681 2581 764 Mag-

386 807 517 851 nus
543 783 801 870 poeta,‘¹
830 783 989 849 dum
1018 782 1344 847 bellorum
1375 786 1518 847 toto
1547 783 1709 848 orbe
1740 784 2146 867 surgentium
2177 785 2582 863 discursum,

385 900 920 974 apparatumque
949 885 1292 966 describit,
1334 889 1355 921 ‘
1375 885 1466 952 Et
1487 885 1757 966 curvae,’
1798 887 2034 972 inquit,
2079 894 2099 921 ‘
2128 888 2410 970 rigidum
2457 888 2584 954 fal-

388 1012 509 1057 ces
556 991 929 1056 conflantur
971 990 1043 1055 in
1088 986 1355 1056 ensem-⁹
1440 987 1664 1055 Triste
1709 988 2014 1055 nimirum
2071 994 2337 1074 tempus
2385 989 2582 1070 illud,

388 1114 543 1160 cum
592 1095 1053 1169 instrumenta,
1104 1092 1315 1158 cultui
1360 1092 1689 1176 pecudum
1739 1101 2150 1178 praeparata,
2194 1093 2264 1161 in
2322 1093 2584 1185 caedem

387 1197 728 1262 hominum
758 1203 1182 1263 verterentur.
1211 1179 1228 1191 ”
1269 1195 1336 1260 4.
1381 1198 1479 1262 At
1520 1213 1697 1262 nunc
1740 1196 1939 1280 rigidi
1976 1196 2097 1274 illi,
2126 1196 2584 1281 mortiferique

386 1319 740 1367 mucrones
784 1299 854 1364 in
894 1300 1208 1365 salutaria
1232 1299 1457 1365 vincla
1499 1303 1883 1380 curvantur,
1912 1307 1982 1365 et
2019 1304 2433 1366 exarmatum
2466 1299 2585 1365 ho-

388 1405 636 1471 minem
683 1423 820 1469 non
870 1392 1276 1480 interimunt,
1329 1402 1453 1468 sed
1501 1400 1854 1483 coercent3
1897 1402 2301 1487 deditosque
2350 1402 2586 1468 hostes

389 1506 596 1589 gladii
624 1507 733 1572 sui
762 1505 982 1571 collisi
1012 1503 1376 1589 obtusique
1406 1510 1733 1584 tutantur,
1754 1505 1873 1589 qui
1898 1504 2065 1570 nihil
2089 1504 2228 1571 illis
2256 1504 2585 1589 prodesse

388 1609 648 1691 integri,
679 1608 1003 1692 acutique
1033 1616 1416 1690 potuerunt.
2084 1620 2091 1625 ’

473 1711 652 1776 CAP.
701 1728 880 1776 xm.
920 1695 929 1707 ’
967 1716 1034 1776 l.
1082 1708 1399 1775 Omnium
1455 1729 1616 1793 ergo
1675 1728 2008 1777 armorum
2064 1706 2437 1777 ministeria
2497 1712 2588 1777 ad

390 1816 697 1881 diversos
748 1815 1025 1881 effectus
1070 1811 1344 1878 arbitrio
1394 1820 1514 1879 tuo
1568 1814 1889 1890 serviunt,
1942 1813 2338 1898 Imperator.
2426 1815 2589 1881 Tibi

389 1919 667 1984 vincunt
704 1917 936 2001 gladii,
965 1916 1089 1982 tibi
1126 1919 1430 1996 servant;
1472 1919 1538 1979 te
1581 1921 1915 1999 pugnante
1959 1915 2218 1992 feriunt,
2259 1924 2329 1982 te
2369 1917 2587 2000 ignos-

391 2028 583 2087 cente
611 2020 1020 2103 custodiunt.
1104 2018 1168 2084 2.
1217 2016 1313 2083 Ut
1349 2017 1532 2083 Deus
1563 2018 1702 2098 ille,
1725 2019 1957 2084 mundi
1988 2025 2247 2084 creator
2274 2025 2344 2085 et
2372 2019 2590 2085 domi·

389 2143 543 2199 nus,
570 2122 810 2189 eodem
847 2122 1118 2187 fulmine
1159 2140 1283 2186 suo
1330 2140 1502 2209 nunc
1549 2120 1796 2200 tristeS,
1824 2140 2002 2187 nunc
2031 2122 2271 2187 laetos·
2312 2120 2588 2188 nuntios

390 2227 638 2291 mittit:
682 2226 779 2292 ita
807 2226 1041 2290 eadem
1072 2225 1202 2288 sub
1235 2224 1500 2290 numine
1531 2233 1652 2289 tuo
1681 2224 1822 2290 tela
1852 2224 2166 2290 inimicos
2189 2230 2301 2291 aut
2323 2224 2588 2310 suppli-

391 2348 508 2393 ces
553 2335 713 2394 tuos
760 2328 1075 2413 pernicie,
1122 2334 1243 2392 aut
1284 2328 1797 2393 conservatione
1841 2327 2249 2395 discernunt.
2334 2322 2588 2393 3.'Eri-

392 2431 629 2517 puisti,
663 2431 1055 2515 Imperator,
1088 2430 1492 2496 adversariis
1533 2429 1671 2495 tuis
1712 2428 2002 2513 gladioS,
2033 2450 2117 2496 ne
2149 2431 2303 2514 quis
2333 2431 2591 2496 incum-

390 2535 577 2600 beret
605 2530 868 2601 doloref
905 2538 1298 2618 superatus:
1337 2538 1411 2598 et
1447 2530 1725 2600 eosdem
1765 2534 2075 2600 manibus
2105 2535 2251 2600 suis
2276 2533 2590 2600 innoxios

1309 2696 1666 2719 “mooe-ene

392 2830 513 2865 nan.
539 2816 611 2867 Η.
628 2815 810 2881 steph.
833 2815 1004 2865 Rivin.
1029 2816 1095 2868 al.
1116 2821 1247 2866 vett.
1277 2822 1421 2882 atque
1435 2818 1509 2868 ita
1525 2818 1652 2867 Vet.
1677 2817 1897 2867 Pnteau.
1918 2816 2040 2865 Vct.
2054 2813 2224 2866 Livio.
2238 2814 2441 2866 Bertin.
2459 2815 2591 2868 Exc.

394 2883 557 2945 Lang.
581 2883 709 2933 Exc.
745 2881 1033 2931 Schonhov.
1067 2883 1239 2932 Μαι-1.
1262 2883 1328 2933 Ρ.
1352 2883 1534 2947 steph.
1575 2883 1732 2933 Grut.
1766 2891 1820 2932 et
1844 2888 2071 2931 recentt.
2122 2881 2312 2931 vincere
2332 2881 2459 2931 Vet.
2481 2880 2586 2930 Pu-

393 2955 537 2998 teau.
560 2948 691 2998 Exc.
711 2947 1245 3019 Schonhovssnspiu.
1269 2948 1439 2998 Livio.
1462 2949 1636 2999 Μαι-1.
1668 2955 1725 2997 et
1748 2947 1813 2996 P.
1834 2946 2019 3010 Steph.
2065 2944 2248 2996 vincire
2266 2946 2393 2996 Vet.
2426 2946 2590 2997 Livin.

392 3013 599 3064 Bertin.
622 3012 693 3062 H.
733 3012 918 3074 Steph.
942 3010 1100 3063 Grut.
1127 3023 1181 3063 et
1216 3022 1447 3065 recentt.
1511 3015 1529 3043 ‘
1550 3014 1748 3064 Rectet
1783 3012 1825 3061 si
1860 3011 1998 3061 enim
2036 3009 2201 3060 dediti
2239 3009 2455 3068 fuerint,
2488 3025 2591 3062 nou

393 3079 613 3143 amplius
637 3076 878 3128 vincendi
901 3075 1068 3128 fuisse
1090 3077 1374 3129 videntur.’
1405 3080 1693 3141 ,ἣξει-2
1716 3076 1852 3127 Edd.
1878 3085 2002 3127 ante
2021 3075 2222 3138 Jaeger.
2244 3080 2294 3126 te
2327 3076 2592 3129 distrinxe-

390 3147 586 3196 rat—⁶8
625 3142 786 3194 Μαι
816 3143 1041 3193 nimirum
1061 3146 1100 3191 t.
1120 3144 1175 3194 id
1196 3142 1317 3193 edd.
1339 3145 1510 3194 Banu.
1553 3143 1784 3195 Pater-ol.
1820 3142 2015 3192 Cellar.
2069 3141 2228 3192 Triste
2249 3142 2447 3191 nimium
2476 3147 2516 3192 t.
2538 3143 2595 3193 ia

391 3210 603 3263 Puteol.
621 3209 855 3259 Rhenan.
869 3208 943 3258 H.
965 3217 1018 3258 et
1039 3208 1106 3260 P.
1128 3210 1309 3274 Stepb.
1329 3209 1499 3259 Livin.
1523 3208 1740 3272 cuspin.
1800 3206 1961 3259 Triste
1980 3206 2209 3258 nimirum
2229 3212 2268 3257 t.
2287 3207 2406 3257 illud
2434 3207 2593 3271 aperiss

394 3290 493 3338 ens,
514 3289 638 3338 cum,
661 3277 741 3338 εἷο.
767 3275 893 3325 Vet.
913 3275 1136 3325 Putean.
1159 3275 1333 3327 Moeri.
1359 3276 1615 3340 Bongars.
1642 3280 1700 3325 et
1722 3272 1914 3323 Faber.
1961 3272 2082 3324 iuna
2103 3272 2262 3323 etiam
2286 3273 2405 3322 cod.
2428 3273 2596 3323 Livin.

397 3339 554 3404 nnn-pe
573 3340 800 3391 nimirum
824 3344 860 3389 t.
880 3340 1016 3395 illud,
1051 3355 1157 3391 cum
1179 3340 1379 3391 delevit
1411 3341 1673 3391 Pithoenn.
1725 3345 1741 3369 ⁸
1760 3336 1917 3388 Haud
1942 3336 2101 3390 dubie
2133 3339 2289 3388 etiam
2313 3353 2407 3402 pro
2437 3343 2592 3389 verte·

394 3411 562 3456 rentur
584 3406 756 3468 legere
785 3404 1022 3455 debebat
1058 3403 1400 3457 vertebantur!
1420 3406 1617 3472 Jaeger.
1684 3403 1926 3457 Eldikins
1947 3405 2088 3470 conj.
2121 3405 2270 3455 cultui
2300 3408 2594 3467 segetum.—

394 3472 427 3519 4
451 3470 653 3520 Bertin.
677 3486 760 3533 ap.
780 3472 948 3521 Livin.
968 3471 1120 3520 collisa·
1139 3472 1430 3536 uotumque.

462 3535 595 3584 Cu.
640 3548 767 3585 xm.
832 3539 862 3586 3
905 3536 1143 3598 Ενίριιίειί
1178 3537 1485 3593 adversariis,
1510 3536 1701 3587 omisso
1734 3534 2007 3597 imperator,
2046 3533 2250 3584 Bertin.
2295 3548 2379 3596 ap.
2423 3531 2594 3582 Livio.

394 3600 552 3649 dolore
569 3600 803 3662 superasti
823 3600 944 3649 edd.
972 3607 1101 3650 vett.
1120 3601 1308 3653 Vienn.
1330 3602 1548 3666 cuspin.
1597 3602 1756 3651 dolore
1776 3599 2014 3662 uper-arti
2030 3599 2238 3648 Puteol.
2262 3599 2493 3649 Rhenau.
2519 3596 2594 3646 Η.

395 3666 577 3732 Stepb.
597 3672 653 3717 et
672 3665 845 3715 Rivin.
869 3668 917 3714 1.
937 3667 987 3715 2.
1035 3666 1208 3717 dolore.
1240 3667 1506 3731 superanti,
1528 3669 1610 3730 &c-
1633 3666 1803 3716 Livin.
1829 3662 2075 3715 Francof.
2099 3663 2268 3715 Paris.
2303 3664 2370 3715 Ρ.
2405 3661 2589 3728 steph.

1395 3828 1613 3882 NOTAE

460 3927 485 3962 ἃ
522 3927 734 3991 Magnus
759 3925 929 3992 potita]
962 3926 1231 3992 Virgilius,
1266 3926 1463 3994 Θεοῖς.
1534 3928 1667 3984 dari,
1690 3941 1903 3992 quarum
1928 3925 2096 3991 prima
2116 3931 2343 3982 moneat,
2369 3925 2599 3976 secunda

395 4018 437 4055 1·
459 4009 575 4055 5⁰8·
1536 4007 1720 4071 prosit,
1748 4005 1909 4057 tertia
1945 4003 2190 4055 adhibitis
2231 4003 2443 4054 consitio
2479 4003 2595 4053 Diis

460 4090 483 4117 ⁸
516 4082 663 4131 Nunc
705 4079 889 4137 trister,
932 4094 1058 4131 nunc
1100 4079 1260 4145 lator]
1294 4082 1463 4134 Locus
1535 4084 1838 4135 emittatur:
1862 4082 2000 4146 quod
2019 4079 2228 4145 quidem
2247 4079 2425 4131 iisdem
2443 4094 2597 4146 pene

393 4158 481 4208 hic
505 4163 715 4210 revocat
743 4157 795 4209 in
828 4163 1055 4209 mentem
1087 4156 1214 4208 illud
1241 4158 1459 4211 Seneca
1529 4161 1704 4212 verbis
1725 4158 2000 4213 confirmat
2020 4160 2226 4209 Festus.

399 4232 599 4288 Quaest.
632 4249 695 4287 rr.
729 4238 813 4287 41.
874 4232 1000 4286 Jovi
1040 4240 1148 4287 tres
1188 4234 1453 4288 manubias
1591 4235 1614 4271 f
1641 4233 1722 4289 Ne
1740 4236 1850 4302 quie
1877 4236 2162 4288 tamum
2193 4237 2352 4288 dolore
2389 4235 2597 4302 [dolori]
