3084 4959
412 2872 425 2883 χ
501 2826 662 2888 venit,
702 2829 969 2893 pulsisque
1010 2827 1131 2879 inde
1177 2826 1570 2891 Aboriginibus,

527 358 705 430 1154

523 521 592 587 8.
645 518 889 607 Neque
916 520 1094 586 enim
1122 518 1353 586 fabula
1385 527 1496 586 est
1524 520 1611 587 de
1632 519 1911 586 licentia
1938 516 2318 604 poetarum,
2352 540 2478 587 nec
2507 519 2742 606 opinio

526 622 610 687 de
638 619 825 688 fama
845 631 1146 689 veterum
1176 622 1573 692 saeculorum
1601 642 1620 704 3
1666 623 1783 688 sed
1814 621 2168 688 manifesta
2198 642 2304 689 res
2335 628 2403 688 et
2431 624 2742 708 probata,

525 707 707 790 sicut
734 725 1068 809 hodieque
1089 732 1114 761 ⁶
1144 730 1435 788 testatur
1467 721 1790 806 Herculis
1826 741 1943 789 ara
1972 725 2298 804 maxima,
2324 732 2388 792 et
2419 726 2741 792 Herculei

524 829 702 893 sacri
732 835 966 895 custos
993 826 1254 892 familia
1288 821 1620 904 Pinaria,‘¹
1665 825 2042 910 principem
2073 825 2260 891 illum
2292 827 2392 892 tui
2430 828 2691 910 generis
2713 835 2739 864 ·

523 947 608 995 ac
639 931 933 996 nominis
963 929 1322 996 Pallantea
1351 928 1599 995 moenia
1630 928 1886 994 adiisse
1907 923 1931 964 f
1955 929 2302 1008 victorem,
2324 935 2394 995 et
2419 948 2630 1014 parva
2652 928 2738 995 li·-

1421 373 1590 423 uAnt
1600 373 1868 425 Rn‘rmt

1445 1089 1807 1114 emuncto-0

520 1175 715 1241 Delph.
741 1175 1004 1228 schwarz-
1039 1176 1235 1240 Jaeger.
1270 1182 1325 1225 et
1359 1175 1638 1240 vnlgg.—8
1673 1174 1690 1202 ‘
1710 1175 1775 1224 Iu
1808 1174 1976 1238 primo
2008 1175 2142 1227 libro
2167 1176 2409 1228 Gudiauo
2429 1183 2733 1229 annotatum

520 1250 622 1299 est,
668 1243 720 1291 in
758 1242 981 1307 quodam
1018 1241 1202 1292 codice
1225 1243 1333 1292 Ma.
1363 1242 1487 1305 legi,
1514 1253 1603 1289 nee
1622 1240 1782 1303 opinio
1812 1243 1871 1291 de
1890 1240 2030 1302 fama
2061 1248 2272 1292 veterum
2293 1242 2611 1306 substantia,-
2643 1243 2733 1294 ubi

520 1308 734 1363 rectius,
755 1316 810 1357 et
834 1307 883 1355 iu
906 1305 1089 1357 codice
1113 1315 1318 1368 nostro,
1339 1314 1394 1357 et
1429 1307 1479 1357 in
1504 1305 1743 1355 omnibus
1774 1305 1918 1355 libris
1942 1307 2145 1356 excusis
2181 1307 2389 1372 legitur,
2408 1313 2619 1357 veteram
2640 1324 2732 1357 εσ-

521 1373 729 1421 uterum
744 1389 767 1432 ,-
799 1372 919 1435 quia
946 1372 998 1420 in
1038 1371 1223 1422 eadem
1255 1372 1471 1435 periodo
1500 1367 1654 1419 modo
1695 1378 2034 1433 precesserat
2069 1371 2379 1422 vocabulum
2407 1371 2596 1433 fabule.
2663 1373 2732 1445 ζα

504 1438 859 1500 sequentibus
894 1437 1066 1487 verbis
1097 1437 1447 1501 cuspinianus
1500 1436 1694 1499 aliique
1729 1434 1956 1486 editores
1991 1436 2186 1487 habent
2224 1438 2350 1487 sicat
2384 1436 2523 1487 hodie
2553 1451 2731 1501 quoque

516 1505 738 1551 testatur.
793 1502 1011 1557 Noster,
1035 1507 1091 1552 et
1115 1502 1332 1551 Livineii
1358 1511 1411 1550 et
1433 1499 1662 1550 Puteaui
1692 1499 1920 1557 codices,
1944 1507 2103 1565 atque
2126 1503 2261 1551 alter
2277 1502 2412 1551 liber
2432 1501 2731 1565 Gudianus,

515 1566 749 1631 itemque
776 1566 1038 1616 Gruterus
1064 1571 1131 1622 ¹et
1152 1566 1233 1616 De
1272 1568 1322 1615 la
1359 1566 1562 1620 Banne,
1585 1562 1831 1627 produnt,
1858 1566 1986 1615 siut
2017 1566 2246 1630 hodieque
2277 1571 2534 1616 testantur.
2604 1566 2730 1617 Nou

513 1630 811 1680 damnamus
833 1631 975 1682 hodie
993 1645 1173 1694 quoque
1187 1647 1207 1689 ‚·
1242 1644 1410 1695 neque
1431 1635 1606 1679 tamen
1629 1643 1730 1678 non
1755 1630 1951 1692 placet,
1976 1631 2115 1695 quod
2141 1639 2223 1681 tot
2245 1632 2455 1680 codices
2485 1630 2730 1695 probant,

514 1701 571 1744 et
610 1710 730 1745 usus
751 1695 963 1758 Velleii,
1000 1696 1234 1758 Senecae,
1265 1694 1601 1756 Quintiliani,
1635 1694 1831 1756 Taciti,
1870 1696 2189 1759 aliorumque
2223 1702 2511 1751 auctorum,
2547 1694 2728 1745 confir·

510 1760 659 1809 mat.'
692 1759 934 1811 Schmun.
1001 1760 1152 1821 Mox,
1175 1760 1351 1825 vnlgg'.
1370 1758 1567 1820 familia
1584 1760 1820 1822 pri-tario
1834 1775 1857 1818 ‚-
1890 1761 2019 1809 Vet.
2052 1760 2271 1824 cuspin.
2301 1761 2538 1810 Rhenan.
2559 1760 2732 1811 Paris·

511 1828 659 1875 1648.
701 1825 897 1888 Delpb.
922 1824 1186 1875 Schwarz.
1220 1824 1418 1887 Jaeger.
1440 1830 1496 1873 et
1522 1824 1951 1884 recena-familia
1970 1825 2193 1874 Pinaria.
2238 1826 2433 1890 Vulgg.
2459 1825 2727 1885 Pataram,-

509 1888 732 1953 Guelph.
755 1890 858 1938 duo
878 1889 1021 1939 Gud.
1046 1898 1099 1939 et
1123 1904 1251 1940 nnus
1269 1891 1524 1941 Schwarz.
1561 1888 1835 1938 Pallantea.
1868 1888 1884 1915 ‘
1903 1890 2073 1939 Unum
2100 1890 2270 1939 adhuc
2307 1897 2472 1940 restat
2509 1904 2723 1940 monen-

506 1953 670 2015 dum3
706 1968 892 2016 nempe
918 1955 1143 2005 antebac
1177 1955 1227 2004 in
1265 1954 1471 2005 excusis
1504 1951 1652 2002 libris
1687 1952 2016 2017 Cuspiniani,
2052 1955 2306 2012 Rhenani,
2348 1956 2418 2004 H.
2452 1955 2727 2018 Stephani,

506 2015 747 2079 Livineii,
793 2019 1030 2077 Gruteri,
1068 2029 1123 2070 et
1160 2019 1547 2079 parisiensium,
1575 2015 1900 2081 publicatum
1938 2018 2119 2080 fuisse,
2154 2020 2417 2084 prinoipem
2452 2021 2604 2077 illum,
2648 2021 2725 2070 tas·

503 2084 700 2144 generis
720 2098 779 2133 uc
805 2085 1031 2147 nominis,
1053 2085 1295 2135 Paluateu
1317 2084 1490 2134 moenia
1516 2081 1764 2132 addidisse
1784 2082 2026 2133 victorem.
2097 2085 2355 2134 Livineius
2372 2086 2481 2149 jam
2506 2099 2571 2133 ex
2599 2098 2724 2135 con-

496 2148 714 2211 jectura
736 2156 1012 2208 notaverat
1050 2150 1103 2199 in
1142 2149 1391 2213 margine,
1426 2147 1654 2197 fortasse
1693 2161 1789 2209 pro
1808 2147 1969 2197 verbo
2005 2149 2260 2205 addidisse,
2297 2148 2572 2213 legendum
2605 2163 2723 2199 esse

505 2213 679 2263 adisse.
744 2213 1057 2263 Valentinus
1080 2213 1344 2264 Acidalius
1366 2214 1609 2277 opinatus
1633 2219 1731 2269 est,
1766 2209 1902 2262 forte
1921 2213 2314 2264 rescribendum
2338 2229 2471 2277 esse,
2496 2214 2723 2264 Palatina

505 2279 676 2327 moeuia
692 2279 957 2329 condidisse
976 2279 1219 2329 victorem,
1288 2280 1523 2329 Grutero
1542 2276 1708 2326 visum
1730 2282 1830 2333 est,
1852 2278 2074 2329 suadere
2098 2286 2480 2344 argumentum,
2496 2280 2720 2343 utiega·

504 2356 619 2400 mus
643 2342 836 2397 adiisse,
873 2352 1029 2407 prout
1064 2344 1387 2407 conjecerint
1421 2341 1744 2404 Bongarsius
1780 2350 1834 2390 et
1871 2342 2165 2404 Livineins3
2202 2345 2417 2408 propius
2452 2352 2627 2393 tamen
2652 2344 2721 2394 ad

503 2408 686 2456 literas
709 2405 966 2458 divinasse
1000 2408 1271 2457 Claudium
1296 2410 1592 2470 Puteannm
1614 2404 1854 2466 adiuvisse
1874 2422 1896 2466 ‚·
1928 2409 2003 2457 sic
2035 2408 2172 2458 enim
2192 2408 2258 2457 ad
2285 2410 2565 2472 marginem
2596 2408 2721 2460 libri

506 2472 775 2534 adpictum
798 2487 953 2522 manu
978 2474 1126 2524 Petri
1152 2474 1407 2523 Danielis.
1478 2473 1728 2523 Attamen
1746 2471 2018 2521 Puteanus
2038 2473 2091 2522 in
2113 2474 2387 2525 Variarum
2412 2473 2718 2525 Lectionum

501 2537 703 2600 libello,
740 2540 828 2602 qui
859 2538 1094 2604 adjectus
1130 2546 1214 2591 est
1249 2537 1469 2590 editioni
1510 2535 1794 2588 Parisiensi
1817 2551 1907 2589 an.
1941 2540 2090 2590 less.
2120 2541 2342 2605 notavit,
2376 2554 2434 2590 se
2467 2540 2624 2591 etiam
2659 2539 2718 2590 iu

1497 2649 1715 2701 No'rAE

501 2754 694 2811 matre,
738 2741 877 2815 (μιαί
899 2759 1049 2801 vates
1089 2756 1222 2813 erat,
1268 2750 1318 2799 in
1356 2747 1568 2802 Italiam
1651 2758 1825 2795 casum
1847 2760 1996 2797 sacra
2028 2755 2204 2799 essent
2226 2764 2322 2813 pro
2346 2763 2491 2800 more
2514 2750 2715 2801 instau-

1650 2819 1844 2883 randa;
1878 2822 2108 2873 Potitius
2132 2825 2276 2888 prior
2296 2824 2529 2891 advenit,
2553 2826 2717 2877 Pina-

500 2916 567 2951 ea
590 2903 703 2952 loca
726 2904 920 2966 tenuit,
942 2904 1032 2954 ubi
1051 2911 1233 2969 postea
1254 2904 1420 2953 Roma
1444 2915 1567 2952 con·
1649 2896 1756 2946 rius
1776 2911 1906 2948 vero
1928 2899 2066 2948 extis
2080 2900 2189 2963 jam
2211 2902 2452 2951 comesis.
2520 2904 2716 2956 Quam·

500 2976 612 3027 dita
636 2984 742 3041 est,
769 2994 1089 3045 parvumque
1115 2978 1366 3043 oppidum
1390 2978 1441 3027 in
1463 2978 1566 3027 Pa·

462 3054 663 3104 'latino
697 3062 873 3105 monte
923 3055 1181 3105 exstruxit
1233 3055 1564 3105 Pallanteum

498 3127 721 3186 dictum,
742 3129 825 3178 vel
853 3143 884 3177 a
907 3128 1158 3180 Pallante
1188 3143 1399 3194 proavo,
1431 3129 1512 3179 vel
1533 3142 1567 3178 a

496 3202 742 3252 Palantio
767 3206 896 3253 urbe
923 3203 1179 3255 Arcadica
1197 3205 1334 3254 unde
1356 3203 1565 3268 profec-

499 3289 583 3330 tus
630 3284 763 3336 erat,
803 3286 862 3329 nt
906 3281 1104 3330 mavult
1143 3280 1366 3342 Dionys.
1394 3280 1567 3329 Halic.

495 3353 683 3404 Videri
709 3360 885 3418 pote'st
908 3356 1099 3419 virgil.
1124 3356 1241 3405 AEu.
1265 3369 1393 3406 vm.
1415 3360 1527 3406 130.

557 3438 583 3466 ⁴²
613 3430 885 3496 Hodieque]
919 3432 1126 3496 Legunt
1158 3432 1244 3481 alii
1275 3432 1415 3483 hodie
1447 3448 1560 3497 qao·

495 3521 604 3571 que.

484 3609 501 3616 η
558 3582 586 3617 ⁸
617 3583 831 3633 Familia
858 3584 1092 3650 Pinaria]
1127 3585 1384 3650 Respexit
1406 3584 1470 3635 ad
1496 3587 1556 3636 il·

492 3658 584 3708 lud
627 3659 818 3724 virgil.
859 3673 985 3710 vm.
1033 3665 1167 3711 2³11.t
1200 3663 1218 3691 ⁸
1245 3661 1558 3727 Primusque

492 3735 726 3786 Potitius
749 3737 951 3794 auctor,
984 3738 1054 3787 Et
1083 3736 1265 3787 domus
1305 3735 1557 3790 Herculei

493 3819 670 3861 custos
708 3812 925 3864 Pinaria
960 3813 1131 3863 sacri.'
1196 3814 1460 3873 Pinarius,
1499 3823 1558 3867 et

482 3888 723 3939 Potitius
763 3889 869 3940 duo
907 3890 1145 3942 Arcadiae
1191 3901 1349 3943 senes*
1387 3891 1558 3956 fuere,

492 3964 680 4028 quibus
711 3966 967 4031 quomodo
1004 3967 1104 4017 coli
1127 3968 1302 4026 vellet,
1323 3968 1560 4019 ostendit

481 4040 776 4104 Hercules,
798 4042 1005 4092 seilicet
1021 4052 1079 4093 ut
1099 4058 1268 4102 mane,
1292 4051 1349 4094 et
1372 4047 1557 4108 vespe·

491 4115 534 4164 ri
556 4116 654 4165 sibi
678 4118 1075 4169 sacrificaretur.
1123 4120 1293 4185 Igitur
1315 4118 1555 4185 perfecto

1646 2973 1828 3023 obrem
1865 2974 1914 3024 ei
1942 2973 2104 3026 iratus
2136 2976 2396 3029 Hercules
2427 2979 2616 3030 statuit
2652 2987 2714 3032 ut

1647 3047 1847 3100 Pinarii
1880 3051 2226 3105 ministrorum
2260 3069 2405 3104 more
2437 3055 2584 3106 cibos
2606 3070 2713 3107 non

1646 3126 1987 3188 attingerent,
2010 3128 2213 3180 interea
2235 3131 2354 3179 dum
2368 3131 2558 3182 Potitii
2583 3146 2712 3197 epu-

1646 3201 1899 3251 lat-entur.
1957 3203 2114 3255 Unde
2136 3212 2193 3255 et
2217 3207 2415 3258 Pinarii
2439 3207 2568 3257 dicti
2588 3216 2713 3260 sunt

1645 3274 1742 3325 ἀπὸ
1775 3277 1864 3336 τῆς
1895 3277 2075 3342 πείνης,
2103 3296 2135 3330 u
2152 3280 2322 3342 famu
2355 3284 2541 3334 Potitii
2566 3299 2710 3342 vero,

1645 3352 1790 3417 quasi
1832 3356 1984 3416 potiti
2018 3356 2172 3407 extis.
2224 3357 2361 3408 Vide
2384 3359 2612 3409 libellum
2638 3360 2707 3411 de

1645 3425 1866 3491 Origine
1889 3429 2080 3481 Gentis
2104 3432 2354 3483 Romanae
2386 3435 2453 3484 ab
2474 3433 2710 3487 And'roea

1642 3506 1861 3558 Schotto
1884 3508 2080 3560 Victori
2102 3511 2435 3562 attributum.

1702 3592 1727 3621 θ
1768 3586 2072 3652 Principem
2092 3590 2228 3640 illan
2271 3590 2346 3639 tui
2379 3587 2595 3656 generis]
2630 3591 2710 3642 Ut

1638 3661 1989 3714 Maximianus
2045 3665 2329 3716 Herculius
2388 3666 2665 3717 dicebatur
2687 3684 2712 3730 ς.

1639 3740 1760 3793 ideo
1792 3743 1966 3807 bajus,
1995 3751 2051 3795 et
2080 3745 2345 3811 sequentis
2388 3745 2703 3810 Panegyrici

1638 3826 1823 3870 auctet·
1843 3820 2188 3872 Mamertinus
2222 3828 2532 3886 perpetuam
2565 3822 2704 3873 Her·

1639 3897 1809 3946 culem
1833 3897 1971 3946 inter
1992 3904 2048 3948 et
2072 3898 2446 3949 Maximianum
2470 3898 2705 3950 instituit

1637 3955 2096 4038 c'outparationem.

1649 4073 1660 4081 ·
1702 4046 1722 4081 f
1748 4048 1946 4100 Adiisse
1990 4049 2280 4116 [addidisse]
2329 4051 2471 4114 Lege
2504 4052 2700 4109 adiisse.

1637 4129 1698 4173 ut
1738 4124 2021 4178 restituunt
2068 4127 2332 4178 Livineius
2368 4134 2424 4179 et
2463 4128 2700 4191 Bongar-

489 4192 746 4244 matutino
769 4193 1049 4253 sacrificio,
1071 4210 1186 4248 cum
1207 4196 1304 4247 sub
1327 4197 1449 4247 solis
1467 4211 1553 4248 oc·
1632 4199 1759 4250 sius.
