3084 4959
2448 377 2624 446 1113

400 527 805 603 ‘Schv‘varzio
846 525 1434 620 commemoratas,
1474 531 1954 623 nonnunquam
1987 556 2031 603 a
2062 531 2137 603 se
2184 535 2477 606 invicem
2517 560 2622 606 re-

415 639 648 704 cedere
677 638 1145 704 animadverti.
1235 638 1410 704 Cum
1458 638 1791 704 Rhenano
1839 639 2236 725 plerumque
2281 643 2621 724 congruit3

411 740 740 805 interdum
768 746 992 804 tamen
1023 741 1111 805 ab
1139 759 1222 805 eo
1254 745 1320 805 et
1350 742 1420 804 in
1447 740 1691 806 melius
1731 751 1801 805 et
1829 741 1900 803 in
1930 742 2129 826 peJus
2161 742 2328 807 abit.
2414 742 2512 808 Ut
2545 749 2624 809 ut

414 842 529 919 sit,
571 847 924 925 corruptus
968 846 1073 906 est
1116 848 1318 921 certe,
1361 849 1428 907 et
1474 842 1882 927 inquinatus
1924 843 2154 909 multis
2192 843 2393 910 locis.
2483 845 2624 911 Sed

414 943 660 1008 adsunt
709 945 915 1008 etiam
968 945 1317 1028 permulta,
1365 952 1440 1009 et
1482 946 1815 1029 praeclara
1859 946 2182 1027 remedia,
2232 965 2386 1031 quae
2439 946 2625 1013 Livi-

411 1047 635 1123 neius,
665 1046 1029 1130 sospitator
1056 1046 1292 1112 horum
1327 1047 1923 1130 Panegyricorum,
1954 1048 2026 1112 in
2061 1048 2355 1113 medium
2392 1057 2624 1133 protu-

368 1159 374 1164 ’
411 1148 516 1213 lit.
604 1148 948 1214 Utebatur
974 1149 1080 1214 vir
1120 1148 1564 1215 doctissimus
1604 1147 1842 1215 codice
1881 1152 2408 1230 membranaceo,
2439 1159 2623 1219 notae

416 1245 783 1316 admodum
812 1249 1034 1331 bonae,
1064 1252 1181 1336 qui
1210 1270 1422 1337 penes
1451 1253 1677 1336 ipsum
1709 1259 1893 1332 erat3
1922 1252 2171 1317 deinde
2193 1251 2623 1334 lectionibus,

415 1354 593 1435 qu'as
643 1372 683 1417 e
743 1340 1193 1418 Bertiniensis
1244 1352 1680 1432 Monasterii,
1735 1352 2311 1439 Andomaropole‚
2359 1356 2620 1440 scripto

417 1454 651 1520 codice
678 1460 1041 1539 exceperat
1070 1454 1180 1520 Fr.
1205 1454 1508 1529 Modius,
1527 1461 1596 1521 et
1616 1455 1987 1522 donaverat
2009 1475 2255 1538 magno
2280 1457 2383 1521 illi
2401 1458 2627 1523 litera-

414 1555 561 1621 rum
588 1563 896 1641 patrono,
924 1557 1166 1624 Marco
1184 1557 1523 1637 Welsero,
1547 1559 1669 1643 qui
1694 1578 1814 1625 eas
1835 1560 2010 1625 ultro
2041 1564 2109 1624 et
2136 1558 2506 1624 liberaliter
2534 1561 2626 1626 ad

416 1658 798 1725 Livineium
828 1661 1238 1743 transmisit3
1283 1681 1510 1745 porro,
1543 1662 1890 1728 veteribus
1937 1661 2231 1740 schedis,
2261 1681 2436 1745 quas
2467 1661 2622 1728 Car.

416 1762 715 1846 Langius
768 1763 856 1827 ad
886 1764 1400 1830 ·Frobenianam
1460 1765 1815 1830 lectionem
1865 1762 2283 1844 contulerat3
2329 1763 2624 1848 denique

414 1867 614 1931 etiam
655 1865 951 1932 editione
986 1866 1385 1952 cuspiniani
1412 1872 1478 1931 et
1507 1866 1846 1933 Rhenani.
1935 1866 2076 1931 His
2129 1866 2441 1931 omnibus
2473 1866 2624 1931 dili-

415 1973 648 2050 genter
675 1969 1016 2046 excussiS,
1044 1967 1383 2034 lectiones
1413 1968 1483 2032 in
1513 1969 1803 2051 margine
1849 1968 2138 2045 notavit,
2184 1968 2431 2052 quibus
2472 1975 2622 2034 tex-

414 2074 553 2148 tus,
581 2071 781 2155 quein
809 2077 1077 2149 vocant,
1107 2071 1462 2155 permultis
1492 2065 1668 2134 locis
1698 2069 1897 2147 facili,
1914 2072 2187 2153 negotio
2218 2070 2624 2142 emendatur.

419 2172 718 2238 Functus
772 2179 878 2237 est
937 2173 1145 2237 etiam
1204 2171 1429 2237 officio
1477 2172 1793 2255 praeclari
1839 2173 2242 2257 interpretisn¹
2297 2179 2367 2237 et
2418 2172 2625 2237 docta

414 2269 853 2340 annotatione
906 2274 1266 2358 plurimum
1323 2274 1510 2339 lucis
1561 2275 1960 2342 auctoribus
2025 2277 2275 2341 nostris
2329 2275 2625 2341 foenera·-

414 2374 567 2441 vit.¹²

500 2478 590 2545 V.
636 2481 847 2547 Plinii
872 2480 1090 2566 Epist.
1121 2488 1192 2546 et
1219 2482 1475 2564 Paneg.
1505 2501 1662 2547 cum
1686 2480 2062 2547 Comment.
2087 2480 2414 2548 Gatanaei.
2474 2481 2626 2549 Ad-

404 2580 633 2670 juncti·
654 2590 808 2649 sunt
831 2584 954 2649 alii
985 2584 1075 2650 ad
1113 2584 1290 2650 alios
1330 2585 1642 2652 Caesares
1669 2585 2094 2669 Panegyrici,
2136 2585 2226 2650 ad
2263 2585 2467 2650 fidem
2511 2604 2624 2651 ve-

1133 390 1427 441 JAEGEM
1476 387 1897 443 PRAEFATto'.

417 2795 569 2847 codd.
591 2799 791 2861 extant,
810 2798 1079 2865 quasdam,
1099 2813 1227 2865 quas
1261 2814 1381 2851 cum
1415 2815 1481 2851 eo

417 2879 621 2923 tantum
655 2873 805 2924 dedit
839 2875 1009 2925 Pauli.
1037 2875 1364 2939 Stephanus;
1395 2876 1478 2925 hm

412 2950 591 3014 itaque
610 2948 749 3000 unde
772 2950 877 3001 sint
897 2959 1102 3015 sumtae,
1125 2952 1247 3002 mihi
1274 2967 1479 3020 quoque

416 3038 519 3076 non
543 3025 725 3090 liquet.
758 3026 934 3077 Arntz.

479 3100 506 3135 ¹¹
537 3102 808 3152 Praeterea
823 3103 1114 3153 Livineium
1133 3118 1323 3154 novum
1343 3105 1482 3156 ordi·

416 3179 607 3230 nemin
621 3181 938 3231 collocandis
961 3181 1305 3246 Panegyricis
1328 3191 1481 3233 tenu·

416 3257 519 3305 isse
553 3256 716 3306 tradit
749 3258 1067 3308 Schwurzius
1099 3260 1320 3310 Dissert.
1358 3266 1480 3309 aute

415 3332 722 3384 Mamertin.
743 3334 1047 3383 Maximian.
1072 3347 1124 3399 p.
1147 3338 1198 3384 6.
1254 3334 1310 3383 Is
1332 3335 1476 3384 nimi·

417 3409 651 3460 rum·hic
687 3414 803 3460 est:
858 3424 900 3459 1.
933 3410 1280 3460 Mamertinus
1308 3411 1479 3460 Maxi-

415 3486 607 3537 miano.
672 3501 735 3539 11.
769 3485 1033 3551 Ejusdem
1088 3486 1481 3539 Genethliacus.

416 3577 507 3612 111.
540 3563 823 3613 Eumenius
861 3578 954 3627 pro
996 3563 1130 3613 Inst.
1163 3562 1336 3613 Schoi.
1401 3577 1480 3613 tv.

417 3641 664 3690 Incertus
719 3639 1056 3689 Maximiano.
1138 3649 1194 3694 V.
1242 3638 1484 3689 Incertus

418 3714 780 3767 Constantino.
825 3729 903 3764 vr.
924 3715 1193 3765 Nazarius.
1253 3728 1358 3765 vu.
1379 3715 1483 3764 Eu-

414 3794 574 3846 menii
607 3792 762 3844 Grat.
795 3790 921 3841 Aet.
988 3805 1124 3841 ·vm.
1158 3791 1307 3842 Idem
1349 3791 1484 3841 Con·

415 3870 663 3920 stantino.
726 3882 809 3918 tx.
845 3868 995 3917 Idem
1034 3866 1359 3917 Constantio.
1422 3880 1478 3917 x.

414 3944 1007 3999 Mamertinus-soliano.
1056 3943 1161 3992 Sed
1186 3943 1322 4007 quod
1345 3943 1479 3992 Gru-

415 4030 608 4080 terum,
643 4029 698 4071 et
732 4020 1047 4085 posteriores
1075 4019 1213 4070 hunc
1247 4019 1480 4069 ordinem

414 4105 622 4149 secutos
645 4112 784 4161 esse,
806 4095 953 4146 addit
978 4097 1321 4152 Schwarzius,
1345 4096 1394 4144 in
1418 4110 1480 4145 eo

413 4175 621 4240 quidem
668 4174 886 4224 fallitur.
952 4173 1183 4221 Baunius
1227 4173 1385 4236 enlm,
1425 4180 1481 4222 et

414 4252 673 4302 Cellarius
725 4264 842 4300 eum
898 4254 1177 4300 tenuerunt
1229 4249 1483 4314 ordinem,

1562 2785 1716 2866 quem
1741 2802 1792 2852 in
1814 2800 1912 2852 hac
1935 2801 2063 2852 edit.
2085 2801 2290 2853 servavi
2311 2817 2431 2854 cum
2450 2787 2628 2869 Joegess
2706 2845 2710 2849 .

1561 2892 1635 2935 ro,
1660 2881 1883 2942 tempori
1906 2880 2398 2940 convenientiorem.
2450 2880 2517 2929 In
2536 2894 2626 2930 ex·

1561 2956 1758 3018 cerptis
1782 2969 1908 3004 vero
1940 2955 2057 3005 cod.
2080 2956 2334 3005 Puteauei
2356 2969 2520 3020 penes
2546 2970 2628 3006 me

1562 3030 1695 3079 Mss.
1739 3032 1823 3080 hic
1869 3031 1999 3080 ordo
2045 3038 2285 3081 notatur:
2349 3046 2385 3080 r.
2424 3029 2627 3082 Incerti
2695 3039 2704 3044 '

1561 3103 1810 3154 Auctoris
1831 3106 2170 3156 Maximiano.
2233 3120 2296 3155 11.
2330 3106 2531 3157 Incerti
2560 3106 2628 3157 ad

1561 3182 1805 3231 eundem.
1870 3197 1962 3233 111.
1997 3183 2197 3233 Incerti
2226 3184 2357 3234 alius
2384 3183 2631 3235 Maximi·

1561 3272 1677 3307 ano.
1728 3272 1804 3310 nr.
1835 3259 2077 3308 Eumeuii
2098 3259 2286 3310 Oratio
2311 3274 2405 3323 pro
2428 3259 2630 3310 Scholia

1560 3333 1790 3384 Instaur.
1858 3348 1911 3385 ν.
1945 3335 2144 3386 Incerti
2173 3335 2538 3401 Panegyricus
2562 3334 2629 3384 ad

1562 3410 1936 3461 Maximianum
1960 3418 2017 3461 et
2046 3413 2443 3462 Constantinum
2468 3413 2533 3464 A.
2558 3412 2627 3463 A.

1559 3500 1641 3537 vr.
1677 3486 1875 3537 Incerti
1891 3486 1956 3536 ad
1976 3487 2376 3538 Constantinum
2394 3488 2633 3540 Flarieu·

1559 3565 1692 3613 sium
1728 3564 1953 3612 nomine.
2018 3577 2121 3614 vn.
2156 3563 2358 3616 Incerti
2397 3564 2461 3614 ad
2501 3578 2630 3613 eun·

1562 3637 1703 3688 dem.
1769 3651 1892 3689 vlu.
1939 3637 2153 3688 Nazarii
2209 3639 2274 3688 ad
2330 3639 2629 3689 Constanti-‘-

1561 3729 1703 3763 num.
1767 3728 1847 3764 rx.
1901 3714 2101 3764 Ineerti
2153 3714 2220 3764 ad
2262 3715 2502 3766 eundem.
2571 3729 2629 3772 x.

1562 3791 1866 3842 Mamertini
1920 3791 2221 3841 Gratiarum
2273 3791 2431 3842 Actio
2486 3791 2631 3844 dicta

1562 3867 1789 3919 Juliano.
1853 3867 2026 3917 Priori
2049 3874 2220 3917 autem
2245 3869 2361 3918 loco
2383 3875 2496 3917 erat
2519 3869 2630 3934 Pii-2

1562 3943 1696 4008 nius,
1749 3943 2029 4007 posteriori
2082 3944 2329 3994 Pacatus.
2398 3943 2630 3995 Additur

1565 4036 1689 4072 vero
1709 4039 1721 4069 z
1767 4022 1784 4050 ‘
1804 4022 1853 4071 in
1877 4037 1976 4086 quo
1999 4021 2182 4073 codice
2199 4023 2377 4073 habita
2399 4031 2479 4073 est
2496 4024 2630 4074 ratio

1564 4097 1895 4162 temporum,’
1919 4098 2053 4162 quod
2071 4098 2328 4164 quomodo
2348 4113 2523 4151 verum
2542 4090 2632 4166 sit,

1565 4187 1667 4225 uon
1692 4174 1937 4240 expedio.
1969 4175 2123 4246 Idem.
