3084 4959
804 340 920 387 ιη..
969 337 1289 387 minnan
1344 338 1860 389 cossium-rm
1914 341 2189 389 MAGNl.
2418 321 2591 396 1315
2705 401 2711 407 ¹

382 483 590 549 misso
639 483 707 549 in
747 482 1013 549 Gallias
1063 473 1507 549 Constantino
1553 482 1853 558 Caesare,
1902 475 2188 566 Crispus
2231 482 2389 548 inde
2432 503 2593 550 evo-

381 593 599 663 catur,
631 594 711 651 ut
733 606 884 652 cum
917 588 1159 665 classe,
1188 584 1527 665 Amando,
1558 585 1932 651 Licinianae
1965 585 2209 653 classis
2241 586 2590 672 praefecto,

387 697 796 774 opponatur.

472 842 560 908 A.
594 841 683 907 U.
703 840 782 907 C.
815 857 1183 906 Mnxxvn.
1242 840 1397 906 Chr.
1431 834 1802 905 cc‘cxx1V.
1870 841 2098 908 Const.
2130 801 2302 930 Imp.
2334 861 2507 911 xix.

1303 945 1508 1009 AEtat.
1551 960 1678 1009 nu.

483 1061 650 1128 Cum
701 1062 982 1149 Crispus
1035 1073 1103 1128 et
1149 1063 1638 1129 Constantinus
1689 1064 2000 1130 Caesares
2052 1068 2314 1132 tertium
2371 1074 2603 1134 essent

392 1187 573 1233 cos8.
635 1167 744 1232 hic
803 1165 1070 1232 Gothos
1126 1187 1164 1230 e
1223 1167 1537 1244 Thracia,
1596 1166 1981 1251 Maesiaqne
2042 1168 2296 1234 Martio
2373 1190 2614 1236 mense

394 1268 693 1353 expulit:
741 1268 859 1333 ille
906 1269 1312 1349 Amandum,
1354 1290 1558 1353 quem
1605 1271 1928 1336 Zosimus
1979 1259 2325 1337 Abantum
2369 1274 2607 1358 appel-

395 1372 519 1449 lat,
594 1361 969 1438 Liciniana}
1044 1373 1287 1438 classis
1363 1374 1784 1457 praefectum,
1848 1391 1919 1437 v.
1967 1374 2158 1439 Non.
2219 1375 2363 1440 Jul.
2426 1377 2609 1440 circa

400 1473 964 1557 Hadrianopolim
1012 1474 1211 1553 fudit,
1257 1495 1393 1559 qua
1440 1477 1508 1538 in
1560 1496 1780 1559 pugna
1820 1477 1994 1540 duos
2034 1478 2295 1562 equites
2327 1481 2392 1542 in
2424 1480 2610 1545 coelo

395 1578 584 1640 visos
650 1578 839 1641 aiunt
879 1575 1276 1660 Cuspiniani
1322 1578 1747 1661 AnonymuS,
1796 1587 1867 1642 et
1913 1579 2155 1663 Pomp.
2189 1579 2446 1659 Laetus,
2495 1582 2614 1665 qui

402 1678 794 1744 Licinianas
843 1679 1148 1762 legiones
1203 1681 1556 1746 caederent.
1651 1681 1824 1744 Mox
1883 1682 2127 1747 iterum
2177 1681 2262 1747 ad
2311 1682 2616 1766 Callipo-

399 1780 540 1857 lim,
570 1780 833 1844 demum
866 1782 951 1846 ad
985 1782 1482 1848 Chalcedonem
1520 1800 1683 1846 xiv,
1717 1782 1874 1848 Kal.
1909 1767 2159 1849 Octob.
2237 1783 2400 1849 Vid.
2436 1783 2613 1852 Idat.

403 1881 786 1948 Chronicon
843 1883 1180 1950 Alexand.
1286 1885 1569 1950 Victum
1628 1884 2111 1952 Constantinus
2171 1887 2317 1952 vita
2385 1888 2614 1959 donat,

402 1985 804 2069 deprecante
865 1987 1265 2055 Constantia
1321 1987 1524 2070 hujus
1586 2006 1821 2067 uxore,
1880 1989 2063 2054 illius
2124 2007 2374 2054 sorore.
2448 1988 2613 2054 Vid.

404 2087 692 2186 Eutrop.
725 2089 990 2153 Zosim.
1022 2089 1354 2175 Anonym.
1384 2088 1677 2155 Valesii.

451 2235 542 2303 A.
575 2238 665 2304 U.
695 2238 773 2307 C.
814 2258 1229 2307 Mcxxvm.
1280 2240 1527 2307 Christi
1562 2259 1900 2334 cccxxv.
1949 2241 2188 2309 Const.
2225 2239 2397 2328 lmp.
2432 2259 2576 2308 xx·

1295 2346 1510 2410 AEtat.
1556 2362 1721 2410 nur.

499 2463 660 2529 Hoc
708 2483 887 2529 anno
938 2463 1262 2541 Licinius,
1300 2463 1699 2530 Christianae
1754 2463 2101 2545 religionis
2147 2464 2363 2530 hostis
2408 2464 2623 2529 infen-

410 2567 748 2645 sissimuS,
777 2565 1307 2644 Thessalonicae,
1336 2566 1451 2629 ubi
1497 2572 1702 2649 rupto
1732 2565 1989 2630 foedere
2031 2567 2267 2630 turbas
2299 2566 2615 2632 molieba—

409 2674 537 2746 tur,
586 2667 1010 2734 Constantini
1050 2667 1249 2750 jussu
1297 2669 1661 2750 perimitur.
1754 2665 2127 2732 Vid.1dat.
2162 2666 2418 2731 Euseb.
2466 2687 2624 2733 cum

411 2776 593 2835 esset
639 2772 1127 2854 octogenarius,
1171 2770 1389 2853 inquit
1432 2770 1640 2834 Joan.
1694 2770 1872 2853 Bap.
1921 2769 2279 2851 Egnatius.
2371 2769 2623 2834 Eodem

415 2892 590 2938 anno
624 2873 919 2957 synodus
945 2873 1232 2938 Nicaena
1280 2879 1513 2937 contra
1536 2872 1774 2937 Arium
1818 2894 1878 2936 a.
1901 2872 2056 2937 318.
2088 2873 2397 2955 patribus
2445 2872 2627 2935 cele-

413 2977 630 3052 brata,
676 2965 1044 3059 coeptaque
1119 2991 1356 3041 xvu1.
1425 2976 1589 3042 Kal.
1644 2975 1783 3040 Jul.
1859 2982 1926 3039 et
1990 2991 2158 3038 vm.
2207 2973 2371 3038 Kal.
2432 2973 2624 3057 Sept.

415 3079 788 3143 terminata.
877 3075 1263 3163 Antequam
1325 3097 1483 3143 vero
1547 3078 1794 3161 synodi
1857 3084 2084 3160 patres
2144 3075 2628 3142 dimitterentur

416 3178 850 3246 Constantini
921 3181 1293 3246 vicennalia
1354 3183 1441 3246 ab
1503 3182 1593 3248 iis
1650 3179 2081 3246 Nicomediae
2156 3197 2400 3263 magna
2473 3197 2628 3244 cum

416 3301 672 3367 pompa
701 3283 887 3348 edita
921 3291 1102 3347 sunt.

459 3440 549 3506 A.
585 3442 672 3507 U.
698 3442 777 3506 C.
813 3459 1168 3508 Mnxxrx.
1213 3443 1466 3508 Christi
1502 3459 1878 3509 cccxxv1.
1924 3442 2157 3508 Const.
2193 3442 2369 3527 Imp.
2406 3456 2585 3509 xxi.

1320 3545 1726 3610 AEtat.1.1v.

490 3661 975 3726 Constantinus
999 3679 1136 3725 vn.
1162 3664 1402 3727 consul
1423 3663 1830 3728 Constantio
1851 3662 2124 3728 Caesare
2150 3661 2425 3744 collega,
2446 3661 2632 3727 Cris-

352 3777 372 3789 ·
421 3784 582 3849 pum
613 3762 822 3827 filium
854 3762 962 3826 23.
996 3771 1109 3828 aut
1140 3766 1249 3829 24.
1301 3784 1618 3828 annorum
1662 3763 2187 3841 adolescentem,
2224 3764 2525 3843 Helenae,
2554 3773 2633 3831 ut

423 3887 515 3932 cx
545 3867 665 3932 lib.
702 3882 811 3929 ix.
845 3864 997 3929 cod.
1027 3865 1154 3930 Th.
1191 3865 1274 3929 de
1303 3865 1741 3948 indulgentiis
1774 3866 2126 3931 criminum
2154 3872 2370 3949 patet,
2402 3869 2629 3932 matri-

421 3970 654 4036 monio
689 3968 1013 4053 junctum,
1047 3988 1089 4032 a
1136 3968 1393 4033 Fausta
1444 3988 1743 4034 noverca
1795 3971 2039 4035 tentati
2085 3989 2236 4033 cum
2284 3990 2371 4034 ea
2418 3973 2631 4055 stupri

424 4078 840 4149 accusatum,
860 4070 1176 4137 credulus
1195 4071 1468 4137 nimium
1492 4072 1837 4156 supplicio
1861 4071 2069 4138 afficit
2091 4072 2288 4137 Poloe
2314 4073 2382 4142 in
2405 4073 2630 4153 Istria,
2699 4144 2704 4149 ,

424 4181 504 4239 ut
558 4175 654 4240 ait
703 4174 1126 4252 AmmianuS,
1180 4193 1318 4239 non
1359 4173 1627 4253 Romae,
1676 4181 1754 4239 ut
1805 4175 1952 4241 vult
1990 4174 2331 4242 Zosimus.
2420 4175 2629 4262 Cujus
