3084 4959
968 393 1473 444 nrocmzrmm
1529 394 1628 441 er
1671 393 2144 445 auxumam.
2289 389 2298 398 '
2470 381 2644 449 1142

441 557 611 617 rum,
640 557 763 623 per
804 548 1175 617 senectam,
1217 559 1355 624 quo
1393 538 1617 604 minus
1660 540 1991 606 interesse
2033 541 2310 619 valeret,
2355 554 2642 610 excusa·

442 643 690 708 visset-z
734 642 1075 727 rescriptis
1103 643 1484 709 minacibus
1525 643 1855 728 acceptiS,
1883 644 2132 727 quibus
2168 645 2643 729 increpabatur

444 746 801 812 Maxentio
846 746 1131 825 favisse,
1170 767 1261 813 ac
1302 745 1732 812 Maximiano
1774 747 2030 824 favere,
2076 755 2483 832 suspectans
2530 768 2641 814 ne·

441 868 595 913 eem
635 848 1141 930 dedecorosam,
1194 869 1519 917 venenum
1570 849 1879 916 hausisse
1925 849 2207 920 dicitur!
2307 849 2449 918 Alii
2494 871 2642 920 sun

443 952 685 1018 mentis
734 953 1056 1036 impotem
1106 953 1549 1020 contabuisse
1600 952 1857 1019 dicunt.
1965 951 2269 1039 Ejusque
2314 955 2644 1038 palatium

441 1054 583 1119 ictu
612 1055 913 1120 fulminis
938 1056 1319 1120 absumtum
1351 1055 1594 1132 fnisse,
1624 1056 1882 1122 Euseb.
1903 1054 2087 1121 Hist.
2113 1056 2231 1123 lib.
2258 1073 2429 1122 vm.
2495 1055 2645 1124 Alii
2769 1069 2778 1082 ·

441 1165 721 1226 efflatus
752 1157 952 1243 jussu
982 1159 1490 1241 strangulatum,
1518 1158 1843 1224 Zonaras.
1931 1156 2072 1225 Alii
2101 1179 2380 1244 corpore
2411 1167 2643 1245 putre-

438 1260 650 1339 facto,
678 1268 769 1341 et,
799 1269 879 1326 ut
914 1261 1109 1328 addit
1134 1260 1510 1340 cedrenuS,
1547 1261 1777 1345 lingua
1828 1264 2165 1328 vermibus
2218 1264 2643 1343 scaturiente,

440 1364 722 1430 obiisse.
812 1364 1013 1444 Quod
1057 1385 1286 1431 vereor
1324 1385 1411 1429 ne
1451 1364 1520 1429 in
1565 1384 1828 1430 osorem
1859 1365 2269 1432 Christiana
2297 1365 2643 1449 religionis

436 1468 911 1551 imperatorem
940 1467 1263 1533 iracunde
1294 1468 1494 1532 nimis
1524 1466 1785 1532 dictum
1814 1470 1929 1535 sit.
1995 1465 2191 1534 Certe
2224 1473 2245 1502 ‘
2270 1468 2546 1551 contigit
2574 1468 2643 1533 ei

442 1571 624 1654 quod
667 1570 837 1635 nulli
889 1575 1047 1656 post
1095 1578 1293 1636 natos
1342 1570 1675 1648 hominen,
1706 1577 1778 1636 ut
1805 1589 1963 1636 cum
2006 1571 2310 1655 privatus
2337 1570 2641 1649 obiisset,

438 1673 609 1740 inter
637 1672 861 1738 Divos
904 1670 1297 1737 referretur:
1384 1672 1498 1738 Ita
1536 1671 1816 1756 Eutrop.
1883 1670 2259 1756 Imperavit
2285 1673 2480 1738 annis
2508 1690 2643 1736 uon

436 1777 549 1840 25.
580 1784 660 1841 ut
689 1775 786 1840 ait
818 1775 1108 1858 vulgaris
1140 1774 1456 1859 Epitome
1478 1774 1814 1855 VictoriS,
1838 1775 1961 1841 sed
1982 1775 2093 1839 20.
2126 1779 2410 1851 tantum,
2439 1781 2516 1839 ut
2544 1774 2643 1839 ait

439 1877 683 1944 Victor
710 1877 994 1957 Schotti,
1023 1880 1367 1964 ceterique
1397 1878 1842 1945 consentiunt.
1926 1875 2128 1945 Vixit
2149 1881 2374 1942 'annos
2402 1875 2509 1943 68.
2538 1876 2641 1940 in·

440 1982 590 2066 quit
616 1979 884 2047 Victor.
970 1982 1110 2047 Sed
1156 1982 1475 2066 quoniam
1508 1981 1978 2047 Maximianus
2019 1989 2225 2046 sexto
2264 1992 2423 2047 aute
2470 1980 2641 2046 Dio·

436 2084 804 2152 cletianum
860 2104 1058 2163 anno,
1112 2087 1330 2150 aetatis
1381 2104 1543 2151 vero
1588 2083 2011 2168 sexagesimo
2056 2083 2252 2160 obiit,
2297 2089 2502 2168 atque
2542 2083 2641 2148 ita

436 2187 903 2266 Diocletianus
954 2176 1089 2252 nou
1142 2188 1275 2252 nisi
1321 2187 1586 2253 duobus
1635 2189 1832 2254 anuis
1882 2186 2291 2253 Maximiani
2336 2186 2640 2252 anteibat

437 2297 728 2370 aetatem,
774 2291 1071 2375 aliquam
1119 2292 1414 2376 objicere
1462 2288 1925 2355 difficultatem
1973 2295 2201 2373 potest
2241 2288 2439 2354 locus
2483 2287 2641 2353 Ma-

439 2395 695 2459 mertini
742 2394 811 2460 in
858 2395 1217 2479 utriusque
1253 2394 1677 2479 imperatoris
1725 2392 2195 2470 Genethliaco,
2234 2391 2357 2455 ubi
2402 2391 2640 2456 ambos

437 2495 826 2582 alloquens:
875 2502 896 2532 ‘
928 2495 1102 2577 Quae
1133 2497 1571 2583 (similitudo)
1600 2516 1682 2561 ne
1713 2496 1915 2562 etiam
1947 2494 2361 2562 intervallum
2390 2502 2638 2559 vestrae

435 2600 653 2672 vincit
700 2602 940 2679 oetatis,
992 2609 1063 2666 et
1115 2601 1445 2666 seniorem
1483 2599 1957 2686 junioremque
2015 2596 2343 2663 charitate
2399 2602 2643 2662 mutua

436 2703 658 2768 reddit
689 2704 1027 2789 aequales:
1072 2711 1150 2769 ut
1183 2705 1327 2788 jam
1370 2703 1537 2768 illud
1582 2702 1761 2768 falso
1804 2700 2055 2766 dictum
2096 2701 2210 2776 sit,
2245 2717 2376 2763 nou
2418 2698 2641 2766 deleo·

436 2814 579 2872 tare
608 2807 994 2872 societatem
1025 2827 1269 2886 rerum,
1299 2806 1434 2872 nisi
1462 2806 1631 2870 inter
1662 2822 1861 2888 pares
1893 2822 2130 2869 annos.
2191 2801 2641 2885 Intelligimus
2757 2848 2760 2850 -

434 2909 639 2989 enim,
663 2911 1103 2976 sacratissimi
1135 2909 1517 2993 PrincipeS,
1546 2909 1883 2991 geminum
1914 2905 2131 2985 vobis,
2155 2907 2469 2990 quamvis
2499 2906 2641 2971 dis·

436 3023 640 3098 pares
670 3013 823 3077 sitis
853 3012 1198 3090 aetatibus,
1231 3012 1455 3076 inesse
1483 3007 1926 3086 consensum,’
1951 3012 2075 3073 διο.
2107 3027 2264 3091 cap.
2293 3009 2362 3072 7.
2447 3007 2639 3074 Hinc

435 3117 610 3206 enim
666 3116 890 3201 colligi
940 3135 1144 3200 posse
1194 3114 1458 3180 videtur
1499 3113 1720 3198 majus
1764 3112 1939 3176 inter
1979 3112 2331 3194 utriusque
2374 3116 2638 3176 aetatem
2719 3103 2732 3122 ²

434 3221 649 3286 fuisse
700 3239 897 3305 quam
943 3219 1227 3284 duorum
1278 3236 1603 3282 annorum
1649 3214 2095 3279 intervallum.
2205 3210 2641 3298 Quapropter

437 3322 773 3390 Baronius
811 3343 968 3389 cum
1004 3343 1088 3387 ex
1121 3320 1404 3387 Victore
1438 3317 1938 3383 Diocletianum
1978 3314 2235 3381 vixisse
2282 3334 2493 3380 annos
2528 3315 2639 3383 68.

436 3427 509 3493 in
539 3432 862 3493 contextu
891 3425 1309 3510 scripsisset,
1357 3421 1445 3487 ad
1496 3441 1684 3487 oram
1729 3420 1883 3486 libri
1921 3418 2090 3500 legit
2127 3417 2238 3482 78.
2323 3416 2637 3484 Totidem

438 3550 656 3595 annos
687 3530 753 3595 ei
783 3530 1162 3594 attribuunt
1191 3524 1605 3609 Pomponius
1632 3522 1867 3588 Laetus
1897 3527 1969 3585 et
1995 3519 2041 3585 J
2046 3539 2200 3584 oan-
2221 3519 2393 3604 Bap.
2420 3519 2642 3603 Egna-

437 3634 595 3712 tius,
627 3633 879 3718 quibus
908 3651 1032 3713 ego
1064 3631 1197 3696 etsi
1225 3629 1425 3694 facile
1456 3626 1809 3704 assentior,
1841 3631 2115 3708 propter
2145 3621 2321 3687 hunc
2345 3621 2638 3687 Mamer-

434 3736 555 3801 tini
584 3736 842 3812 locum,
875 3742 1094 3801 tamen
1123 3732 1191 3798 in
1229 3733 1360 3798 hac
1400 3730 1752 3814 utriusque
1793 3729 1933 3791 vita
1972 3733 2249 3791 secutus
2279 3744 2422 3788 sum
2455 3744 2636 3790 com·

433 3857 697 3905 munem
735 3838 1144 3903 sententiam.

520 3929 829 4026 Uterque
887 3960 1119 4024 genere
1174 3937 1299 4003 fuit
1342 3934 1643 4019 ignobili,
1703 3940 1966 3998 statura
2009 3948 2275 4012 magna,
2326 3927 2521 3993 firmo
2572 3937 2640 3996 et

437 4064 722 4131 procero
750 4063 1057 4127 corpore,
1088 4041 1277 4105 vultu
1305 4038 1553 4104 feroci.
1598 4045 1882 4120 uterque
1911 4035 2038 4099 sub
2074 4032 2296 4098 Probo
2325 4037 2391 4096 et
2419 4029 2639 4097 Aure·

434 4150 615 4215 liano
636 4147 984 4215 scientiam
1012 4145 1363 4211 militarem
1393 4141 1700 4219 edoctnS,
1723 4139 1869 4224 pari
1898 4145 2183 4220 uterque
2212 4136 2278 4199 in
2311 4132 2639 4200 Christia-

431 4273 560 4320 nos
592 4251 899 4332 saevitia3
933 4249 1052 4316 sed
1073 4246 1573 4314 Diocletianum
1597 4245 1706 4310 vel
1734 4244 1956 4331 pietas
1985 4242 2054 4308 in
2080 4239 2293 4320 Deos,
2314 4237 2421 4303 vel
2445 4238 2637 4303 amit-
