<?xml version="1.0" encoding="UTF-8"?>
<!DOCTYPE html PUBLIC "-//W3C//DTD XHTML 1.0 Transitional//EN"
    "http://www.w3.org/TR/xhtml1/DTD/xhtml1-transitional.dtd">
<html xmlns="http://www.w3.org/1999/xhtml" xml:lang="en" lang="en">
 <head>
  <title>
</title>
<meta http-equiv="Content-Type" content="text/html;charset=utf-8" />
  <meta name='ocr-system' content='tesseract 3.04.00' />
  <meta name='ocr-capabilities' content='ocr_page ocr_carea ocr_par ocr_line ocrx_word'/>
</head>
<body>
  <div class='ocr_page' id='page_1' title='image "./panegyriciveter05baungoog_0431.png"; bbox 0 0 3084 4959; ppageno 0'>
   <div class='ocr_carea' id='block_1_1' title="bbox 881 334 2527 401">
    <p class='ocr_par' dir='ltr' id='par_1_1' title="bbox 881 334 2527 401">
     <span class='ocr_line' id='line_1_1' title="bbox 881 334 2527 401; baseline 0.004 -6"><span class='ocrx_word' id='word_1_1' title='bbox 881 347 1061 396; x_wconf 71' lang='lat' dir='ltr'>vru</span> <span class='ocrx_word' id='word_1_2' title='bbox 1109 347 1224 397; x_wconf 80' lang='lat' dir='ltr'>rr..</span> <span class='ocrx_word' id='word_1_3' title='bbox 1255 345 1577 398; x_wconf 71' lang='lat' dir='ltr'>anunn</span> <span class='ocrx_word' id='word_1_4' title='bbox 1621 345 1966 397; x_wconf 69' lang='lat' dir='ltr'>summu.</span> <span class='ocrx_word' id='word_1_5' title='bbox 2352 334 2527 401; x_wconf 82' lang='grc'>1499</span> 
     </span>
    </p>
   </div>
   <div class='ocr_carea' id='block_1_2' title="bbox 276 475 2533 1400">
    <p class='ocr_par' dir='ltr' id='par_1_2' title="bbox 276 475 2533 1400">
     <span class='ocr_line' id='line_1_2' title="bbox 276 475 2528 580; baseline -0.002 -15"><span class='ocrx_word' id='word_1_6' title='bbox 276 475 285 481; x_wconf 35' lang='grc'><strong>”</strong></span> <span class='ocrx_word' id='word_1_7' title='bbox 342 491 642 579; x_wconf 82' lang='lat' dir='ltr'>spiritum</span> <span class='ocrx_word' id='word_1_8' title='bbox 699 499 956 558; x_wconf 87' lang='lat' dir='ltr'>tumore</span> <span class='ocrx_word' id='word_1_9' title='bbox 1012 492 1362 559; x_wconf 78' lang='lat' dir='ltr'>cohibente</span> <span class='ocrx_word' id='word_1_10' title='bbox 1420 512 1756 571; x_wconf 87' lang='lat' dir='ltr'>venarum,</span> <span class='ocrx_word' id='word_1_11' title='bbox 1809 498 2016 577; x_wconf 83' lang='lat' dir='ltr'>epota</span> <span class='ocrx_word' id='word_1_12' title='bbox 2067 493 2292 576; x_wconf 85' lang='lat' dir='ltr'>gelida</span> <span class='ocrx_word' id='word_1_13' title='bbox 2349 515 2528 580; x_wconf 85' lang='lat' dir='ltr'>aqua</span> 
     </span>
     <span class='ocr_line' id='line_1_3' title="bbox 343 594 2528 683; baseline 0 -22"><span class='ocrx_word' id='word_1_14' title='bbox 343 618 546 683; x_wconf 84' lang='lat' dir='ltr'>quam</span> <span class='ocrx_word' id='word_1_15' title='bbox 573 597 781 683; x_wconf 85' lang='lat' dir='ltr'>petiit,</span> <span class='ocrx_word' id='word_1_16' title='bbox 811 596 1032 660; x_wconf 91' lang='lat' dir='ltr'>medio</span> <span class='ocrx_word' id='word_1_17' title='bbox 1062 597 1282 659; x_wconf 89' lang='lat' dir='ltr'>noctis</span> <span class='ocrx_word' id='word_1_18' title='bbox 1311 594 1553 659; x_wconf 85' lang='lat' dir='ltr'><strong>defecit</strong></span> <span class='ocrx_word' id='word_1_19' title='bbox 1591 612 1771 660; x_wconf 88' lang='lat' dir='ltr'>anno</span> <span class='ocrx_word' id='word_1_20' title='bbox 1816 596 2038 660; x_wconf 85' lang='lat' dir='ltr'>aetatis</span> <span class='ocrx_word' id='word_1_21' title='bbox 2064 594 2197 661; x_wconf 68' lang='lat'>32:</span> <span class='ocrx_word' id='word_1_22' title='bbox 2226 616 2376 661; x_wconf 91' lang='lat' dir='ltr'>cum</span> <span class='ocrx_word' id='word_1_23' title='bbox 2411 616 2528 661; x_wconf 88' lang='lat' dir='ltr'>an-</span> 
     </span>
     <span class='ocr_line' id='line_1_4' title="bbox 342 698 2527 782; baseline 0 -18"><span class='ocrx_word' id='word_1_24' title='bbox 342 721 496 765; x_wconf 90' lang='lat' dir='ltr'>num</span> <span class='ocrx_word' id='word_1_25' title='bbox 527 720 732 765; x_wconf 90' lang='lat' dir='ltr'>unum</span> <span class='ocrx_word' id='word_1_26' title='bbox 773 707 840 765; x_wconf 88' lang='lat' dir='ltr'>et</span> <span class='ocrx_word' id='word_1_27' title='bbox 881 718 1148 764; x_wconf 89' lang='lat' dir='ltr'>menses</span> <span class='ocrx_word' id='word_1_28' title='bbox 1179 699 1438 763; x_wconf 86' lang='lat' dir='ltr'>circiter</span> <span class='ocrx_word' id='word_1_29' title='bbox 1467 705 1724 782; x_wconf 88' lang='lat' dir='ltr'>septem</span> <span class='ocrx_word' id='word_1_30' title='bbox 1754 699 1841 763; x_wconf 89' lang='lat' dir='ltr'>ab</span> <span class='ocrx_word' id='word_1_31' title='bbox 1870 699 2165 763; x_wconf 84' lang='lat' dir='ltr'>extincto</span> <span class='ocrx_word' id='word_1_32' title='bbox 2195 698 2527 764; x_wconf 88' lang='lat' dir='ltr'>Constan-</span> 
     </span>
     <span class='ocr_line' id='line_1_5' title="bbox 341 798 2526 893; baseline -0 -26"><span class='ocrx_word' id='word_1_33' title='bbox 341 803 437 867; x_wconf 90' lang='lat' dir='ltr'>tio</span> <span class='ocrx_word' id='word_1_34' title='bbox 469 803 895 886; x_wconf 81' lang='lat' dir='ltr'>imperasset.</span> <span class='ocrx_word' id='word_1_35' title='bbox 985 801 1163 893; x_wconf 73' lang='lat' dir='ltr'>Haec</span> <span class='ocrx_word' id='word_1_36' title='bbox 1194 798 1619 867; x_wconf 83' lang='lat' dir='ltr'>Ammianus.</span> <span class='ocrx_word' id='word_1_37' title='bbox 1710 799 2019 875; x_wconf 84' lang='lat' dir='ltr'>Ceterum</span> <span class='ocrx_word' id='word_1_38' title='bbox 2048 801 2247 885; x_wconf 86' lang='lat' dir='ltr'>hujus</span> <span class='ocrx_word' id='word_1_39' title='bbox 2276 822 2526 886; x_wconf 88' lang='lat' dir='ltr'>corpus</span> 
     </span>
     <span class='ocr_line' id='line_1_6' title="bbox 341 895 2530 987; baseline 0 -19"><span class='ocrx_word' id='word_1_40' title='bbox 341 904 620 969; x_wconf 79' lang='lat' dir='ltr'>Tarsum</span> <span class='ocrx_word' id='word_1_41' title='bbox 669 895 924 969; x_wconf 75' lang='lat' dir='ltr'>Ciliciae</span> <span class='ocrx_word' id='word_1_42' title='bbox 975 902 1265 968; x_wconf 89' lang='lat' dir='ltr'>delatum</span> <span class='ocrx_word' id='word_1_43' title='bbox 1314 918 1561 983; x_wconf 84' lang='lat' dir='ltr'>magna</span> <span class='ocrx_word' id='word_1_44' title='bbox 1614 902 2017 987; x_wconf 87' lang='lat' dir='ltr'>populorum</span> <span class='ocrx_word' id='word_1_45' title='bbox 2068 913 2326 970; x_wconf 89' lang='lat' dir='ltr'>mortuo</span> <span class='ocrx_word' id='word_1_46' title='bbox 2376 907 2530 971; x_wconf 90' lang='lat' dir='ltr'>illu-</span> 
     </span>
     <span class='ocr_line' id='line_1_7' title="bbox 344 1003 2528 1087; baseline 0.002 -18"><span class='ocrx_word' id='word_1_47' title='bbox 344 1006 638 1070; x_wconf 87' lang='lat' dir='ltr'>dentium</span> <span class='ocrx_word' id='word_1_48' title='bbox 695 1005 1144 1084; x_wconf 86' lang='lat' dir='ltr'>cavillatione,</span> <span class='ocrx_word' id='word_1_49' title='bbox 1193 1003 1423 1087; x_wconf 89' lang='lat' dir='ltr'>ibique</span> <span class='ocrx_word' id='word_1_50' title='bbox 1473 1004 1817 1070; x_wconf 87' lang='lat' dir='ltr'>conditum</span> <span class='ocrx_word' id='word_1_51' title='bbox 1874 1012 1999 1082; x_wconf 89' lang='lat' dir='ltr'>est,</span> <span class='ocrx_word' id='word_1_52' title='bbox 2055 1008 2122 1073; x_wconf 84' lang='lat' dir='ltr'>si</span> <span class='ocrx_word' id='word_1_53' title='bbox 2169 1006 2528 1073; x_wconf 85' lang='lat' dir='ltr'>Ammiano</span> 
     </span>
     <span class='ocr_line' id='line_1_8' title="bbox 345 1105 2533 1189; baseline 0 -16"><span class='ocrx_word' id='word_1_54' title='bbox 345 1109 721 1175; x_wconf 87' lang='lat' dir='ltr'>credimus:</span> <span class='ocrx_word' id='word_1_55' title='bbox 767 1108 826 1181; x_wconf 92' lang='lat' dir='ltr'>si</span> <span class='ocrx_word' id='word_1_56' title='bbox 853 1127 1015 1173; x_wconf 87' lang='lat' dir='ltr'>vero</span> <span class='ocrx_word' id='word_1_57' title='bbox 1046 1106 1372 1189; x_wconf 86' lang='lat' dir='ltr'>Gregorio</span> <span class='ocrx_word' id='word_1_58' title='bbox 1404 1105 1848 1173; x_wconf 87' lang='lat' dir='ltr'>Nazianzeuo</span> <span class='ocrx_word' id='word_1_59' title='bbox 1895 1108 2066 1173; x_wconf 90' lang='lat' dir='ltr'>fides</span> <span class='ocrx_word' id='word_1_60' title='bbox 2112 1105 2241 1187; x_wconf 81' lang='lat' dir='ltr'>est,</span> <span class='ocrx_word' id='word_1_61' title='bbox 2273 1129 2316 1173; x_wconf 87' lang='lat' dir='ltr'>a</span> <span class='ocrx_word' id='word_1_62' title='bbox 2360 1111 2533 1175; x_wconf 83' lang='lat' dir='ltr'>terra</span> 
     </span>
     <span class='ocr_line' id='line_1_9' title="bbox 345 1210 2533 1295; baseline 0.001 -21"><span class='ocrx_word' id='word_1_63' title='bbox 345 1212 523 1295; x_wconf 88' lang='lat' dir='ltr'>ipsa,</span> <span class='ocrx_word' id='word_1_64' title='bbox 553 1232 749 1295; x_wconf 88' lang='lat' dir='ltr'>quam</span> <span class='ocrx_word' id='word_1_65' title='bbox 777 1212 1096 1278; x_wconf 84' lang='lat' dir='ltr'>Julianus</span> <span class='ocrx_word' id='word_1_66' title='bbox 1137 1211 1498 1276; x_wconf 88' lang='lat' dir='ltr'>sceleribus</span> <span class='ocrx_word' id='word_1_67' title='bbox 1541 1212 1687 1276; x_wconf 89' lang='lat' dir='ltr'>suis</span> <span class='ocrx_word' id='word_1_68' title='bbox 1721 1210 2113 1295; x_wconf 86' lang='lat' dir='ltr'>inquinarat,</span> <span class='ocrx_word' id='word_1_69' title='bbox 2143 1231 2533 1294; x_wconf 86' lang='lat' dir='ltr'>excussum,</span> 
     </span>
     <span class='ocr_line' id='line_1_10' title="bbox 346 1315 1174 1400; baseline -0.001 -22"><span class='ocrx_word' id='word_1_70' title='bbox 346 1315 414 1379; x_wconf 91' lang='lat' dir='ltr'>in</span> <span class='ocrx_word' id='word_1_71' title='bbox 442 1335 619 1379; x_wconf 86' lang='lat' dir='ltr'>mare</span> <span class='ocrx_word' id='word_1_72' title='bbox 647 1317 1017 1400; x_wconf 89' lang='lat' dir='ltr'>projectum</span> <span class='ocrx_word' id='word_1_73' title='bbox 1046 1322 1174 1379; x_wconf 89' lang='lat' dir='ltr'>est.</span> 
     </span>
    </p>
   </div>
   <div class='ocr_carea' id='block_1_3' title="bbox 433 1414 2537 1496">
    <p class='ocr_par' dir='ltr' id='par_1_3' title="bbox 433 1414 2537 1496">
     <span class='ocr_line' id='line_1_11' title="bbox 433 1414 2537 1496; baseline 0.001 -15"><span class='ocrx_word' id='word_1_74' title='bbox 433 1417 592 1481; x_wconf 90' lang='lat' dir='ltr'>Fuit</span> <span class='ocrx_word' id='word_1_75' title='bbox 618 1419 974 1483; x_wconf 87' lang='lat' dir='ltr'>excellenti</span> <span class='ocrx_word' id='word_1_76' title='bbox 1002 1422 1071 1483; x_wconf 91' lang='lat' dir='ltr'>et</span> <span class='ocrx_word' id='word_1_77' title='bbox 1099 1436 1392 1494; x_wconf 87' lang='lat' dir='ltr'>amoeno,</span> <span class='ocrx_word' id='word_1_78' title='bbox 1437 1414 1559 1480; x_wconf 86' lang='lat' dir='ltr'>sed</span> <span class='ocrx_word' id='word_1_79' title='bbox 1603 1415 1760 1495; x_wconf 88' lang='lat' dir='ltr'>levi,</span> <span class='ocrx_word' id='word_1_80' title='bbox 1791 1414 2002 1496; x_wconf 81' lang='lat' dir='ltr'>vafro,</span> <span class='ocrx_word' id='word_1_81' title='bbox 2031 1435 2209 1482; x_wconf 82' lang='lat' dir='ltr'>vana</span> <span class='ocrx_word' id='word_1_82' title='bbox 2238 1416 2537 1493; x_wconf 83' lang='lat' dir='ltr'>Deorum</span> 
     </span>
    </p>
   </div>
   <div class='ocr_carea' id='block_1_4' title="bbox 348 1518 2673 1604">
    <p class='ocr_par' dir='ltr' id='par_1_4' title="bbox 348 1518 2673 1604">
     <span class='ocr_line' id='line_1_12' title="bbox 348 1518 2673 1604; baseline 0 -19"><span class='ocrx_word' id='word_1_83' title='bbox 348 1521 824 1603; x_wconf 81' lang='lat' dir='ltr'>superstitione</span> <span class='ocrx_word' id='word_1_84' title='bbox 843 1528 912 1585; x_wconf 90' lang='lat' dir='ltr'>et</span> <span class='ocrx_word' id='word_1_85' title='bbox 933 1519 1214 1602; x_wconf 81' lang='lat' dir='ltr'>magicis</span> <span class='ocrx_word' id='word_1_86' title='bbox 1234 1519 1489 1584; x_wconf 84' lang='lat' dir='ltr'>artibus</span> <span class='ocrx_word' id='word_1_87' title='bbox 1519 1518 1890 1602; x_wconf 80' lang='lat' dir='ltr'>depravato</span> <span class='ocrx_word' id='word_1_88' title='bbox 1919 1520 2211 1602; x_wconf 79' lang='lat' dir='ltr'>ingenio,</span> <span class='ocrx_word' id='word_1_89' title='bbox 2232 1520 2539 1604; x_wconf 87' lang='lat' dir='ltr'>philoso-</span> <span class='ocrx_word' id='word_1_90' title='bbox 2663 1563 2673 1572; x_wconf 90' lang='lat'>-</span> 
     </span>
    </p>
   </div>
   <div class='ocr_carea' id='block_1_5' title="bbox 258 1623 2547 2742">
    <p class='ocr_par' dir='ltr' id='par_1_5' title="bbox 258 1623 2547 2742">
     <span class='ocr_line' id='line_1_13' title="bbox 350 1623 2540 1708; baseline 0.002 -21"><span class='ocrx_word' id='word_1_91' title='bbox 350 1623 616 1706; x_wconf 87' lang='lat' dir='ltr'>phicam</span> <span class='ocrx_word' id='word_1_92' title='bbox 682 1625 1023 1708; x_wconf 87' lang='lat' dir='ltr'>quandam</span> <span class='ocrx_word' id='word_1_93' title='bbox 1079 1625 1472 1707; x_wconf 84' lang='lat' dir='ltr'>gravitatem</span> <span class='ocrx_word' id='word_1_94' title='bbox 1530 1623 1875 1703; x_wconf 78' lang='lat' dir='ltr'>affectans,</span> <span class='ocrx_word' id='word_1_95' title='bbox 1942 1643 2026 1690; x_wconf 91' lang='lat' dir='ltr'>ac</span> <span class='ocrx_word' id='word_1_96' title='bbox 2082 1624 2540 1708; x_wconf 79' lang='lat' dir='ltr'>sophistarum</span> 
     </span>
     <span class='ocr_line' id='line_1_14' title="bbox 350 1726 2540 1812; baseline 0 -23"><span class='ocrx_word' id='word_1_97' title='bbox 350 1747 546 1808; x_wconf 82' lang='lat' dir='ltr'>grege</span> <span class='ocrx_word' id='word_1_98' title='bbox 589 1744 851 1811; x_wconf 85' lang='lat' dir='ltr'>semper</span> <span class='ocrx_word' id='word_1_99' title='bbox 891 1728 1202 1812; x_wconf 82' lang='lat' dir='ltr'>stipatus.</span> <span class='ocrx_word' id='word_1_100' title='bbox 1270 1726 1523 1791; x_wconf 77' lang='lat' dir='ltr'>‘Homo</span> <span class='ocrx_word' id='word_1_101' title='bbox 1565 1727 1821 1809; x_wconf 81' lang='lat' dir='ltr'>loquax</span> <span class='ocrx_word' id='word_1_102' title='bbox 1864 1733 1935 1791; x_wconf 89' lang='lat' dir='ltr'>et</span> <span class='ocrx_word' id='word_1_103' title='bbox 1979 1728 2238 1793; x_wconf 87' lang='lat' dir='ltr'>scurrili</span> <span class='ocrx_word' id='word_1_104' title='bbox 2286 1728 2540 1792; x_wconf 32' lang='lat' dir='ltr'>dicacis</span> 
     </span>
     <span class='ocr_line' id='line_1_15' title="bbox 349 1831 2537 1914; baseline 0.001 -20"><span class='ocrx_word' id='word_1_105' title='bbox 349 1837 522 1905; x_wconf 83' lang='lat' dir='ltr'>tate,</span> <span class='ocrx_word' id='word_1_106' title='bbox 551 1851 635 1895; x_wconf 83' lang='lat' dir='ltr'>ac</span> <span class='ocrx_word' id='word_1_107' title='bbox 659 1831 979 1914; x_wconf 75' lang='lat' dir='ltr'>¹populari</span> <span class='ocrx_word' id='word_1_108' title='bbox 1003 1851 1188 1897; x_wconf 78' lang='lat' dir='ltr'>auree</span> <span class='ocrx_word' id='word_1_109' title='bbox 1218 1839 1472 1914; x_wconf 76' lang='lat' dir='ltr'>praeter</span> <span class='ocrx_word' id='word_1_110' title='bbox 1499 1831 1775 1896; x_wconf 86' lang='lat' dir='ltr'>modum</span> <span class='ocrx_word' id='word_1_111' title='bbox 1800 1832 2116 1901; x_wconf 77' lang='lat' dir='ltr'>serviens.</span> <span class='ocrx_word' id='word_1_112' title='bbox 2159 1831 2274 1897; x_wconf 83' lang='lat' dir='ltr'>Ita</span> <span class='ocrx_word' id='word_1_113' title='bbox 2304 1849 2537 1914; x_wconf 61' lang='lat' dir='ltr'>super-⁸</span> 
     </span>
     <span class='ocr_line' id='line_1_16' title="bbox 353 1932 2541 2019; baseline 0.001 -22"><span class='ocrx_word' id='word_1_114' title='bbox 353 1933 684 2010; x_wconf 86' lang='lat' dir='ltr'>stitiosus,</span> <span class='ocrx_word' id='word_1_115' title='bbox 714 1943 789 1999; x_wconf 91' lang='lat' dir='ltr'>ut</span> <span class='ocrx_word' id='word_1_116' title='bbox 816 1935 1016 1999; x_wconf 89' lang='lat' dir='ltr'>etiam</span> <span class='ocrx_word' id='word_1_117' title='bbox 1040 1934 1087 2000; x_wconf 82' lang='lat' dir='ltr'><strong>J</strong></span> <span class='ocrx_word' id='word_1_118' title='bbox 1093 1933 1382 1999; x_wconf 83' lang='lat' dir='ltr'>amblico</span> <span class='ocrx_word' id='word_1_119' title='bbox 1427 1932 1854 2016; x_wconf 86' lang='lat' dir='ltr'>philosopho,</span> <span class='ocrx_word' id='word_1_120' title='bbox 1894 1955 2089 2019; x_wconf 85' lang='lat' dir='ltr'>quem</span> <span class='ocrx_word' id='word_1_121' title='bbox 2133 1935 2541 2001; x_wconf 82' lang='lat' dir='ltr'>Mercurium</span> 
     </span>
     <span class='ocr_line' id='line_1_17' title="bbox 355 2034 2542 2121; baseline 0 -21"><span class='ocrx_word' id='word_1_122' title='bbox 355 2036 764 2119; x_wconf 85' lang='lat' dir='ltr'>appellabat,</span> <span class='ocrx_word' id='word_1_123' title='bbox 795 2043 1119 2121; x_wconf 84' lang='lat' dir='ltr'>tanquam</span> <span class='ocrx_word' id='word_1_124' title='bbox 1148 2034 1576 2102; x_wconf 78' lang='lat' dir='ltr'>Nicomediae</span> <span class='ocrx_word' id='word_1_125' title='bbox 1602 2038 1875 2102; x_wconf 81' lang='lat' dir='ltr'>tutelari</span> <span class='ocrx_word' id='word_1_126' title='bbox 1906 2037 2056 2102; x_wconf 90' lang='lat' dir='ltr'>Deo</span> <span class='ocrx_word' id='word_1_127' title='bbox 2079 2036 2346 2103; x_wconf 82' lang='lat' dir='ltr'>faceret.</span> <span class='ocrx_word' id='word_1_128' title='bbox 2411 2037 2542 2101; x_wconf 86' lang='lat' dir='ltr'>Ce-</span> 
     </span>
     <span class='ocr_line' id='line_1_18' title="bbox 350 2136 2540 2223; baseline 0.001 -20"><span class='ocrx_word' id='word_1_129' title='bbox 350 2148 565 2217; x_wconf 82' lang='lat' dir='ltr'>terum</span> <span class='ocrx_word' id='word_1_130' title='bbox 612 2140 796 2204; x_wconf 89' lang='lat' dir='ltr'>omni</span> <span class='ocrx_word' id='word_1_131' title='bbox 835 2141 1169 2207; x_wconf 84' lang='lat' dir='ltr'>literarum</span> <span class='ocrx_word' id='word_1_132' title='bbox 1212 2136 1445 2223; x_wconf 77' lang='lat' dir='ltr'>genere</span> <span class='ocrx_word' id='word_1_133' title='bbox 1485 2140 2012 2219; x_wconf 81' lang='lat' dir='ltr'>excultissimus·,</span> <span class='ocrx_word' id='word_1_134' title='bbox 2051 2160 2133 2206; x_wconf 83' lang='lat' dir='ltr'>ac</span> <span class='ocrx_word' id='word_1_135' title='bbox 2174 2141 2414 2223; x_wconf 56' lang='lat' dir='ltr'>linguai</span> <span class='ocrx_word' id='word_1_136' title='bbox 2444 2141 2540 2205; x_wconf 89' lang='lat' dir='ltr'>in-</span> 
     </span>
     <span class='ocr_line' id='line_1_19' title="bbox 356 2240 2544 2327; baseline 0.003 -22"><span class='ocrx_word' id='word_1_137' title='bbox 356 2241 589 2325; x_wconf 82' lang='lat' dir='ltr'>primis</span> <span class='ocrx_word' id='word_1_138' title='bbox 624 2241 890 2308; x_wconf 79' lang='lat' dir='ltr'>Graecae</span> <span class='ocrx_word' id='word_1_139' title='bbox 938 2244 1399 2327; x_wconf 84' lang='lat' dir='ltr'>peritissimus,</span> <span class='ocrx_word' id='word_1_140' title='bbox 1428 2240 1732 2309; x_wconf 86' lang='lat' dir='ltr'>liberalis</span> <span class='ocrx_word' id='word_1_141' title='bbox 1781 2263 2014 2326; x_wconf 86' lang='lat' dir='ltr'>opum,</span> <span class='ocrx_word' id='word_1_142' title='bbox 2056 2243 2263 2307; x_wconf 85' lang='lat' dir='ltr'>luxus</span> <span class='ocrx_word' id='word_1_143' title='bbox 2308 2249 2372 2306; x_wconf 86' lang='lat' dir='ltr'>et</span> <span class='ocrx_word' id='word_1_144' title='bbox 2419 2263 2544 2311; x_wconf 72' lang='lat' dir='ltr'>vo·-⁴</span> 
     </span>
     <span class='ocr_line' id='line_1_20' title="bbox 353 2339 2543 2437; baseline 0.002 -30"><span class='ocrx_word' id='word_1_145' title='bbox 353 2343 688 2428; x_wconf 74' lang='lat' dir='ltr'>luptatum</span> <span class='ocrx_word' id='word_1_146' title='bbox 739 2351 1135 2422; x_wconf 88' lang='lat' dir='ltr'>contemtor,</span> <span class='ocrx_word' id='word_1_147' title='bbox 1159 2339 1343 2410; x_wconf 82' lang='lat' dir='ltr'>&#39;belli</span> <span class='ocrx_word' id='word_1_148' title='bbox 1386 2355 1458 2410; x_wconf 91' lang='lat' dir='ltr'>et</span> <span class='ocrx_word' id='word_1_149' title='bbox 1508 2348 1702 2431; x_wconf 84' lang='lat' dir='ltr'>pacis</span> <span class='ocrx_word' id='word_1_150' title='bbox 1745 2347 1999 2411; x_wconf 86' lang='lat' dir='ltr'>artibus</span> <span class='ocrx_word' id='word_1_151' title='bbox 2042 2353 2419 2437; x_wconf 64' lang='lat' dir='ltr'>praestans,⁸</span> <span class='ocrx_word' id='word_1_152' title='bbox 2445 2345 2543 2411; x_wconf 85' lang='lat' dir='ltr'>la·</span> 
     </span>
     <span class='ocr_line' id='line_1_21' title="bbox 258 2448 2547 2534; baseline -0 -21"><span class='ocrx_word' id='word_1_153' title='bbox 258 2476 263 2481; x_wconf 86' lang='lat'>·</span> <span class='ocrx_word' id='word_1_154' title='bbox 354 2449 534 2515; x_wconf 87' lang='lat' dir='ltr'>boris</span> <span class='ocrx_word' id='word_1_155' title='bbox 562 2455 632 2512; x_wconf 92' lang='lat' dir='ltr'>et</span> <span class='ocrx_word' id='word_1_156' title='bbox 661 2450 898 2515; x_wconf 75' lang='lat' dir='ltr'>inediae</span> <span class='ocrx_word' id='word_1_157' title='bbox 930 2449 1214 2533; x_wconf 85' lang='lat' dir='ltr'>patiens,</span> <span class='ocrx_word' id='word_1_158' title='bbox 1243 2448 1438 2527; x_wconf 61' lang='lat' dir='ltr'>feliis,</span> <span class='ocrx_word' id='word_1_159' title='bbox 1459 2449 1714 2534; x_wconf 76' lang='lat' dir='ltr'>justuS,</span> <span class='ocrx_word' id='word_1_160' title='bbox 1744 2457 2191 2534; x_wconf 68' lang='lat' dir='ltr'>praeterquam</span> <span class='ocrx_word' id='word_1_161' title='bbox 2216 2450 2286 2513; x_wconf 86' lang='lat' dir='ltr'>iu</span> <span class='ocrx_word' id='word_1_162' title='bbox 2318 2449 2547 2515; x_wconf 83' lang='lat' dir='ltr'>Chris·-</span> 
     </span>
     <span class='ocr_line' id='line_1_22' title="bbox 356 2552 2546 2636; baseline 0.003 -22"><span class='ocrx_word' id='word_1_163' title='bbox 356 2552 606 2628; x_wconf 73' lang='lat' dir='ltr'>tianoS,</span> <span class='ocrx_word' id='word_1_164' title='bbox 653 2571 823 2636; x_wconf 88' lang='lat' dir='ltr'>quos</span> <span class='ocrx_word' id='word_1_165' title='bbox 872 2553 1051 2617; x_wconf 89' lang='lat' dir='ltr'>omni</span> <span class='ocrx_word' id='word_1_166' title='bbox 1096 2568 1333 2635; x_wconf 76' lang='lat' dir='ltr'>genere</span> <span class='ocrx_word' id='word_1_167' title='bbox 1383 2553 1801 2618; x_wconf 79' lang='lat' dir='ltr'>crudelitatis</span> <span class='ocrx_word' id='word_1_168' title='bbox 1848 2554 2163 2630; x_wconf 78' lang='lat' dir='ltr'>vexabat,</span> <span class='ocrx_word' id='word_1_169' title='bbox 2199 2553 2546 2621; x_wconf 87' lang='lat' dir='ltr'>literarum</span> 
     </span>
     <span class='ocr_line' id='line_1_23' title="bbox 356 2655 2352 2742; baseline 0.001 -23"><span class='ocrx_word' id='word_1_170' title='bbox 356 2656 900 2742; x_wconf 83' lang='lat' dir='ltr'>literatorumque</span> <span class='ocrx_word' id='word_1_171' title='bbox 927 2656 1452 2734; x_wconf 82' lang='lat' dir='ltr'>amantissimus,</span> <span class='ocrx_word' id='word_1_172' title='bbox 1479 2656 1611 2720; x_wconf 92' lang='lat' dir='ltr'>nisi</span> <span class='ocrx_word' id='word_1_173' title='bbox 1640 2657 1700 2720; x_wconf 87' lang='lat' dir='ltr'>si</span> <span class='ocrx_word' id='word_1_174' title='bbox 1733 2655 2091 2722; x_wconf 82' lang='lat' dir='ltr'>Christiani</span> <span class='ocrx_word' id='word_1_175' title='bbox 2119 2655 2352 2721; x_wconf 87' lang='lat' dir='ltr'>forent.</span> 
     </span>
    </p>
   </div>
  </div>
 </body>
</html>
