3084 4959
848 364 962 413 ιη..
1011 363 1332 414 vunnu
1384 342 1922 417 cousuwrr'm·
1960 370 2239 420 mmm.
2477 358 2654 426 1:319

441 512 567 572 ret.
657 506 901 573 Utrum
948 504 1438 574 Constantinus
1486 509 1696 592 paulo
1743 515 1897 576 ante
1937 518 2213 579 mortem
2260 516 2653 599 baptisatus

437 612 659 689 fuerit,
688 618 765 677 ut
797 617 1129 678 testantur
1155 616 1314 695 post
1346 611 1739 691 Eusebium,
1773 614 2164 699 Hieronym.
2197 618 2266 681 in
2292 617 2650 699 Chronico,

440 713 764 780 Ambros.
798 720 965 779 orat.
997 717 1061 778 in
1094 713 1231 779 sun.
1258 713 1597 778 Theodos.
1631 715 1974 792 Socrates,
2007 718 2410 785 Theodoret.
2445 721 2650 786 Sozo-

437 836 697 895 menuS‚
731 816 1107 882 Chronicon
1135 812 1513 880 Alexandr.
1543 819 1668 881 Sto.
1703 838 1790 882 an
1838 839 1995 884 vero
2042 821 2251 904 paulo
2296 828 2451 887 ante
2497 844 2649 889 con-

439 922 669 985 cilium
703 920 1086 996 Nicaenum,
1117 929 1189 983 ut
1215 941 1301 984 ex
1333 921 1511 983 actis
1540 920 1873 1005 Sylvestri
1905 931 1970 988 et
1994 922 2429 1006 Theophanis
2460 926 2650 990 testi·

437 1025 667 1089 monio
715 1024 1001 1108 probare
1049 1023 1395 1088 contendit
1426 1022 1786 1102 Baronius,
1833 1024 1998 1089 nihil
2045 1024 2343 1091 affirmo:
2391 1033 2647 1091 tantum

439 1126 593 1190 dico
641 1146 856 1212 neque
904 1133 1061 1189 acta
1104 1125 1222 1189 illa
1268 1124 1599 1210 Sylvestri
1643 1146 1904 1209 magnae
1951 1126 2132 1210 apud
2179 1129 2363 1193 viros
2408 1129 2646 1193 doctos

437 1229 860 1293 auctoritatis
901 1247 1076 1305 esse,
1116 1247 1331 1312 neque
1378 1246 1699 1291 ausurum
1744 1248 2041 1311 unquam
2073 1228 2441 1294 Eusebium
2473 1232 2541 1294 in
2574 1250 2647 1296 re

435 1339 573 1396 tam
620 1337 783 1395 nota
829 1332 1139 1413 cuiquam
1198 1332 1575 1414 imponere:
1632 1333 2004 1414 praesertim
2062 1351 2210 1396 cum
2276 1332 2347 1395 id
2401 1342 2644 1418 quarto

433 1441 796 1519 postquam
847 1434 1241 1517 contigisset
1289 1452 1462 1498 anno
1513 1434 1852 1498 scriberet.
1946 1433 2199 1516 Magna
2229 1435 2298 1498 vi
2329 1442 2397 1499 et
2437 1436 2644 1500 animi

434 1545 505 1612 et
535 1537 836 1620 corporis
868 1535 1012 1611 fuit,
1056 1535 1419 1600 excellenti
1472 1536 1612 1599 oris
1663 1536 1919 1618 specie,
1969 1541 2225 1601 statura
2273 1539 2646 1620 praestanti,
2713 1577 2728 1584 -

430 1645 507 1704 ut
535 1641 688 1724 ipso
719 1646 1000 1723 aspectu
1033 1638 1344 1722 injiceret
1374 1639 1573 1705 simul
1604 1643 1671 1703 et
1702 1658 1998 1703 amorem
2031 1647 2101 1703 et
2137 1639 2646 1705 admirationem

430 1742 561 1808 sui.
650 1740 1017 1807 Gestorum
1063 1742 1390 1806 bellorum
1447 1740 1898 1823 magnitudine
1942 1749 2009 1806 et
2055 1742 2479 1807 victoriarum
2524 1764 2645 1808 nu·

428 1863 612 1909 mero
644 1843 1040 1927 praeclarus,
1072 1843 1142 1905 in
1173 1843 1409 1926 praelio
1441 1850 1769 1917 strenuuS,
1810 1843 2106 1909 clemens
2136 1845 2205 1908 in
2236 1845 2542 1922 victoria,
2573 1846 2644 1909 in

426 1966 601 2031 pace
648 1945 1195 2011 administrandae
1241 1946 1629 2030 reipublicae
1662 1947 2119 2029 peritissimus
2163 1947 2489 2012 bonarum
2536 1968 2640 2013 ar-

426 2050 593 2115 tium
623 2068 893 2133 parens.
980 2047 1083 2113 Eo
1114 2047 1343 2113 laudis
1375 2050 1597 2138 minus
1638 2047 1951 2131 cupidus,
1996 2068 2135 2132 quo
2183 2049 2458 2132 dignior,
2490 2050 2638 2114 ubi-

426 2171 560 2235 que
589 2149 1010 2233 magnificus,
1039 2148 1363 2227 liberalis,
1397 2150 1720 2215 adversus
1767 2152 1984 2215 bonos
2023 2151 2230 2228 mitis,
2258 2152 2327 2214 iu
2359 2152 2642 2217 seditio-

423 2274 581 2319 num
628 2254 947 2332 fautoreS,
996 2252 1524 2337 qualescumque
1576 2252 1680 2316 illi
1730 2250 1962 2331 forent,
2009 2272 2225 2338 usque
2267 2252 2356 2317 ad
2405 2261 2636 2318 notam

423 2357 837 2423 crudelitatis
884 2374 1183 2431 severus,
1239 2355 1623 2437 integritate
1669 2357 1854 2433 vitae,
1901 2356 2326 2432 castimonia,
2381 2363 2636 2438 tempe-

422 2462 662 2539 rantia,
695 2460 1071 2543 ceterisque
1096 2457 1498 2524 Christianis
1521 2458 1890 2524 virtutibus
1920 2457 2232 2539 insignis,
2258 2455 2635 2526 Catholicae

422 2584 580 2629 vero
624 2562 784 2627 fidei
831 2562 1054 2627 studio
1101 2580 1184 2626 eo
1234 2560 1707 2643 praedicandus
1747 2560 1988 2642 magiS,
2038 2559 2225 2645 quod
2284 2559 2635 2641 religionis

421 2667 846 2744 Christianae,
889 2663 1093 2752 quam
1140 2666 1614 2748 imperatorum
1662 2663 2122 2728 Romanorum
2167 2661 2429 2745 primus
2483 2682 2632 2727 sus-

419 2775 707 2853 ceperat,
768 2768 1022 2834 vindex
1082 2768 1444 2833 acerrimus
1500 2765 1831 2844 extiterit,
1891 2764 2049 2830 dum
2099 2765 2236 2851 ipsi
2298 2783 2632 2832 sacrorum

419 2874 757 2941 antistites
786 2872 1212 2938 vehementer
1241 2873 1412 2939 inter
1440 2888 1516 2936 se
1549 2869 1962 2937 dissiderent.
