3084 4959
984 357 1505 429 consummo
1559 357 1737 408 Aue.
1809 358 1921 408 lx.
1965 345 2029 409 ⁹7.
2425 345 2603 415 1418

410 508 625 593 guinis
654 507 930 573 fundere
960 505 1278 587 magistu
1322 505 1459 584 cui,
1489 506 1652 589 quia
1678 507 1969 572 salutem
1997 510 2287 573 vestram
2322 527 2365 573 a
2396 510 2596 577 vobis

408 612 764 695 impetrare
817 629 951 674 non
1007 609 1227 686 licuit,
1274 626 1473 692 paene
1525 608 1875 693 displicuit
1930 610 2087 694 ipsa
2134 611 2442 677 victoria.
2492 611 2597 679 Β.

407 712 509 780 At
536 734 665 779 non
693 713 1208 791 Taurinatibus,
1230 732 1448 796 neque
1474 713 1717 779 ceteris
1745 714 1968 779 Italiae
1997 714 2387 780 civitatibus
2408 714 2597 779 idem

408 819 670 882 animus
714 817 864 891 fuit,
895 816 1009 901 qui
1054 822 1139 893 te,
1168 815 1566 898 Imperator,
1597 817 1974 882 exultantes
2011 817 2256 901 gaudio
2294 818 2598 883 certatim

408 920 499 984 ad
527 939 601 985 se
632 925 1061 985 vocaverunt.
1132 921 1199 984 4.
1244 918 1482 985 Missae
1511 920 1601 986 ab
1621 920 1929 986 omnibus
1956 920 2352 1003 legationes,
2381 921 2597 987 oblati

408 1023 703 1106 undique
729 1028 1175 1115 commeatus:
1220 1028 1293 1088 ut
1334 1027 1706 1107 appareret,
1737 1024 2057 1108 quamdiu
2087 1023 2598 1104 desiderassent,

410 1126 520 1193 cui
550 1146 624 1191 se
650 1133 788 1190 tam
820 1130 1093 1209 promte,
1117 1127 1301 1191 bello
1345 1126 1569 1192 adhuc
1608 1134 1916 1203 restante,
1945 1126 2450 1192 committerent.
2535 1127 2599 1191 5.

412 1227 556 1307 Qui
597 1227 725 1294 fuit
754 1228 898 1293 dies
940 1228 1111 1306 ille:
1155 1249 1293 1313 quo
1333 1228 1797 1296 Mediolanum
1839 1230 2218 1312 ingressus!
2264 1250 2416 1315 quae
2453 1249 2600 1313 gra-

410 1332 654 1398 tulatio
682 1332 1060 1416 principum
1090 1333 1421 1397 civitatis!
1451 1332 1570 1416 qui
1599 1331 1884 1416 plausus
1915 1333 2184 1417 populi!
2222 1352 2377 1416 quae
2407 1352 2601 1398 secu-

409 1435 578 1501 ritas
619 1435 1051 1500 intuentium!
1096 1439 1160 1500 te
1202 1442 1509 1510 matrum,
1537 1440 1603 1499 te
1631 1434 1957 1516 virginum
2006 1436 2294 1520 quaeque
2343 1435 2602 1518 duplici

409 1539 627 1604 fructu
685 1539 1090 1616 fruebantur,
1136 1557 1289 1603 cum
1349 1537 1777 1621 pulcherrimi
1834 1537 2267 1619 Imperatoris
2321 1537 2601 1603 formam

410 1643 732 1718 viderent,
760 1649 826 1708 et
856 1641 1196 1707 licentiam
1237 1659 1369 1706 non
1415 1644 1753 1723 timerent.
1837 1639 1904 1704 6.
1952 1638 2303 1706 Ostentare
2345 1661 2420 1706 se
2462 1660 2598 1707 orn-

410 1764 561 1823 neS,
598 1755 665 1810 et
700 1746 1078 1830 tripudiare,
1116 1745 1261 1810 sine
1302 1744 1438 1810 ullo
1468 1744 1554 1808 de
1595 1743 1900 1827 reliquiis
1937 1743 2095 1807 belli
2137 1751 2340 1822 metu,
2372 1751 2444 1810 et
2480 1763 2598 1809 au-

412 1848 698 1933 spicium
730 1845 1070 1913 victoriaeb
1096 1854 1234 1913 tuae
1260 1867 1384 1931 pro
1413 1848 1989 1912 consummatione
2018 1846 2480 1911 metiebantur.
2531 1847 2601 1911 ¹7.

408 1950 574 2016 Non
602 1950 1090 2034 Transpadana
1119 1950 1464 2034 provincia
1491 1949 1845 2014 videbatur
1879 1954 2173 2031 recepta,
2204 1949 2322 2012 sed
2355 1947 2602 2016 Roma.

415 2052 589 2131 Quis
617 2055 791 2118 enim
823 2054 1146 2132 crederet,
1176 2053 1375 2118 tantis
1407 2053 1846 2117 successibus
1873 2051 2008 2117 tuis
2052 2051 2261 2114 ullum
2290 2050 2600 2116 obstacu-

411 2156 551 2220 lum
604 2156 769 2235 fore,
802 2176 938 2240 quo
989 2157 1209 2221 minus
1256 2175 1483 2219 omnes
1537 2156 1879 2220 exercitus
1921 2175 1994 2218 se
2046 2153 2411 2218 clementiae
2465 2162 2600 2219 tuoe

410 2259 768 2336 traderent,
800 2279 951 2324 cum
981 2259 1243 2324 virtutis
1288 2260 1820 2343 experimentum
1860 2256 2252 2322 novissent?
2336 2253 2403 2319 8.
2451 2256 2601 2320 Mu-

411 2382 521 2430 ros
568 2362 636 2426 vi
690 2382 992 2446 ceperaS,
1045 2363 1192 2428 acie
1245 2363 1471 2447 palam
1523 2363 1812 2427 viceras.
1902 2361 2076 2440 Quis
2136 2368 2275 2425 tam
2334 2357 2603 2423 demens

414 2465 782 2541 videbatur,
813 2472 886 2529 ut
929 2475 1046 2531 aut
1088 2466 1375 2530 obsideri
1421 2465 1733 2543 auderet,
1759 2473 1875 2529 aut
1917 2464 2277 2547 congredi?
2320 2482 2603 2546 presser—

411 2565 532 2629 tim
578 2585 726 2631 cum
774 2572 869 2641 tu,
901 2567 1048 2633 dies
1094 2568 1358 2651 aliquot
1401 2566 1778 2633 Mediolani
1808 2567 2145 2644 resistenS,
2175 2572 2442 2650 tempus
2472 2565 2603 2630 sibi

413 2670 722 2734 omnibus
755 2670 1143 2736 consulendi
1170 2671 1502 2750 dedisseS,
1536 2679 1612 2738 ut
1641 2671 1725 2735 de
1757 2678 1824 2735 te
1854 2676 2214 2757 sperarent.

1329 2854 1687 2876 eneeeeeaeeee

480 2970 615 3019 cn».
636 2981 738 3019 vu.
791 2972 822 3018 2
855 2966 1131 3019 Puteolani
1162 2969 1248 3019 ed.
1276 2975 1435 3019 tomen
1454 2971 1848 3032 nominem—4
1877 2972 1895 2998 ‘
1921 2960 2303 3031 Cuspio-'quem
2320 2967 2405 3017 diu
2424 2966 2606 3017 deside-

412 3040 629 3093 necent,-
665 3048 764 3082 non
805 3034 1014 3096 plaeet.’
1046 3035 1211 3085 Licin.
1277 3036 1430 3085 Paul.
1454 3036 1634 3098 Steph.
1657 3037 1836 3092 etiarn,
1857 3050 1991 3099 quem
2010 3034 2113 3084 diu.
2179 3033 2327 3088 Mox,
2358 3031 2473 3082 cod.
2497 3032 2605 3080 Pu·

413 3101 572 3155 teani,
594 3099 672 3148 cui
691 3115 743 3149 oe
766 3114 923 3148 omnes
952 3106 1197 3163 prompte,-
1230 3099 1369 3149 unde
1394 3102 1501 3157 ille,
1522 3101 1601 3149 cui
1620 3117 1672 3150 se
1692 3115 1849 3151 omnes
1870 3107 1969 3149 tom
1995 3103 2208 3163 prompte
2232 3097 2568 3147 committerent
2582 3112 2603 3154 ,-

411 3165 622 3214 Puteol.
654 3164 731 3213 cui
750 3178 800 3213 se
820 3179 977 3214 omnes
1008 3171 1202 3229 propter
1233 3165 1380 3223 belim·
1415 3166 1627 3227 cuspin.
1651 3166 1716 3216 P.
1741 3166 1919 3229 Steph.
1956 3171 2008 3213 et
2034 3162 2151 3214 edd.
2189 3171 2410 3212 receutt.
2442 3162 2518 3212 cui
2551 3176 2604 3211 se

410 3233 555 3281 etiam
585 3234 799 3293 prompte
831 3231 998 3280 Livin.
1034 3237 1049 3259 ⁸
1076 3231 1154 3278 Ex
1178 3230 1329 3280 codd.
1355 3232 1550 3280 nullum
1574 3237 1656 3280 eut
1678 3231 1940 3291 auxilinm,
1993 3243 2170 3278 uorum
2193 3229 2236 3277 si
2260 3228 2342 3277 vel
2364 3240 2492 3277 unus
2512 3226 2604 3276 ad·

412 3296 638 3356 diceret,
656 3296 879 3344 libenter
897 3294 1023 3344 illud
1046 3310 1203 3345 omnes
1224 3297 1523 3353 insererem,
1548 3304 1764 3360 propter
1784 3311 1955 3361 praece
1995 3298 2140 3345 entia
2160 3294 2370 3344 omnibus
2391 3301 2446 3343 et
2463 3292 2605 3342 undi-

407 3361 534 3423 que!
569 3361 838 3411 Arma—5
877 3361 1043 3412 Livin.
1064 3362 1203 3425 conj.
1237 3362 1479 3423 ingrersus
1506 3377 1575 3411 eo.
1638 3363 1786 3419 Mox,
1807 3362 2019 3411 Puteol.
2055 3364 2104 3410 te
2137 3366 2340 3409 matrum
2373 3365 2422 3409 et
2450 3357 2606 3420 virgi-

411 3429 556 3473 num?
586 3442 724 3489 quom
755 3426 961 3489 duplici,-
998 3427 1234 3477 Pulman·
1268 3433 1317 3477 te
1347 3433 1556 3477 matrum
1590 3429 1831 3490 uirginum
1862 3440 2075 3492 quaque,
2094 3427 2177 3488 ko.
2213 3425 2353 3475 unde
2378 3425 2604 3474 Putean.

413 3494 704 3540 te-marrum
739 3492 1086 3554 virginumque,
1122 3507 1245 3556 qna,
1283 3496 1365 3555 &a
1445 3494 1647 3543 Bertin.
1684 3494 1861 3556 etiam,
1899 3492 2262 3554 virginumque3
2306 3490 2515 3549 Cuspin.
2546 3494 2604 3538 et

413 3552 589 3603 Moerl.
623 3557 861 3617 virginum
881 3571 1089 3620 quaeque.
1155 3556 1291 3606 Vide
1317 3558 1469 3608 Non.
1490 3559 1742 3607 Ἵππη-6
1776 3557 1943 3609 Lirin.
1983 3558 2149 3605 Baun.
2185 3556 2249 3604 P.
2281 3553 2462 3616 Steph.
2493 3552 2604 3600 reli·

414 3620 526 3681 quis
542 3618 683 3676 belli,-
716 3621 915 3671 Ber-tin.
939 3622 1112 3671 Moerl.
1127 3630 1182 3670 et
1204 3621 1323 3670 edd.
1353 3629 1575 3673 recentt.
1604 3621 1818 3685 reliquiis
1842 3621 1970 3671 belli.
2034 3619 2117 3670 Cf.
2143 3635 2256 3682 sup.
2292 3618 2356 3667 ad
2387 3619 2603 3667 Eumen.

414 3684 596 3735 Const.
618 3697 695 3733 vr.
719 3684 807 3733 fin.
829 3693 884 3733 et
908 3698 1036 3735 xm.
1057 3690 1200 3735 1.—⁷
1236 3686 1404 3735 Livin.
1434 3687 1724 3736 successibus
1755 3687 1900 3734 ullum
1916 3701 1937 3743 ‚·
1969 3685 2171 3734 Bertin.
2197 3683 2413 3746 cuspin.
2438 3683 2600 3732 ceteri

412 3763 595 3798 omues
615 3763 656 3797 ο.
680 3749 776 3798 tuis
794 3750 1056 3799 κηποι-8
1091 3751 1304 3813 Cuspio.
1336 3766 1418 3814 ep.
1453 3752 1618 3800 Livin.
1649 3750 1861 3800 omnibus
1879 3750 1988 3800 eibi.
2054 3749 2227 3799 Moerl.
2260 3754 2315 3798 ut
2335 3750 2394 3798 de
2422 3752 2471 3798 te
2500 3761 2601 3811 cpe·

411 3829 524 3865 rore
546 3815 741 3872 liceret:
773 3814 1024 3865 Arntzen.
1046 3824 1217 3879 pater,
1234 3820 1289 3864 at
1311 3814 1422 3866 bene
1442 3821 1703 3881 sperarent.

1398 3987 1619 4040 NOTAE

474 4112 501 4143 ²
535 4103 634 4161 Qui
672 4104 782 4166 snit
822 4104 927 4154 dies
968 4102 1073 4169 ine]
1120 4103 1468 4168 Triumphalis
1612 4105 1636 4139 δ
1668 4100 1946 4168 Auspicium
1965 4100 2208 4168 victoria]
2233 4101 2315 4151 Ex
2334 4098 2473 4154 felici
2497 4100 2601 4151 vic·

411 4182 737 4233 Constmtini
788 4182 843 4232 in
885 4176 1069 4249 urbejm
1114 4180 1468 4235 Mediolanum
1550 4180 1697 4231 torioe
1721 4179 1892 4236 initio,
1912 4177 1979 4229 de
2009 4176 2244 4242 ejusdem
2272 4174 2600 4232 confectione

414 4259 693 4324 ingressus.
1236 4309 1248 4317 ,
1549 4256 1922 4310 existimantes.
