3084 4959
915 335 1461 407 consummo
1505 358 1686 407 Aue.
1761 359 1845 409 x.
1872 342 1981 411 31.
2377 347 2551 415 1477

354 504 481 569 dus
511 504 578 568 in
606 504 842 568 urbem
869 501 1203 584 ingressus
1232 505 1339 567 est
1364 501 1843 586 Imperatoris;
1894 510 1985 583 et,
2015 503 2089 568 in
2114 504 2551 588 exprimendo

356 613 629 673 senatus
659 605 1031 691 populique
1062 603 1363 669 Romani
1392 606 1689 671 maximo
1719 607 1986 689 gaudio,
2018 606 2296 689 ingrata,
2325 607 2461 672 nisi
2488 617 2556 676 et

353 713 509 792 ipsa
535 710 902 786 lasciviat,⁴⁸
933 709 1164 772 oratio.
1232 708 1301 772 5.
1333 706 1583 772 Nullus
1609 715 1770 790 post
1795 709 2022 772 urbem
2049 709 2384 774 conditam
2409 709 2551 775 dies

355 811 669 877 Romano
707 809 940 877 illuxit
977 809 1283 893 imperio,
1336 808 1530 893 cujus
1578 817 1719 874 tam
1763 809 1996 887 effusa,
2040 818 2309 895 tamque
2350 812 2551 895 insig-

352 916 459 979 nis
498 914 854 997 gratulatio
902 919 1020 978 aut
1057 912 1279 989 fuerit,
1309 919 1426 977 aut
1463 932 1617 976 esse
1657 911 2000 994 debuerit;
2045 913 2214 978 nulli
2241 921 2379 978 tam
2405 914 2553 981 laeti

352 1016 691 1099 triumphi,
750 1035 924 1100 quos
979 1014 1314 1080 annalium
1368 1020 1667 1079 vetustas
1729 1023 2164 1082 consecratos
2221 1016 2290 1080 in
2345 1015 2554 1082 literis

354 1120 578 1185 habet.
966 1140 970 1145 ·

443 1221 622 1286 cst.
676 1235 913 1285 xxxl.
1004 1220 1066 1284 1.
1111 1219 1273 1285 Non
1324 1220 1695 1302 agebantur
1751 1219 2019 1304 quidem
2082 1225 2236 1284 ante
2292 1240 2557 1286 currum

359 1325 572 1390 vincti
603 1323 810 1390 duces
836 1344 856 1404 ;
903 1323 1026 1388 sed
1056 1323 1411 1388 incedebat
1438 1322 1702 1386 tandem
1735 1322 1961 1387 soluta
1988 1322 2336 1388 nobilitas.
2397 1323 2559 1389 Non

361 1426 649 1511 conjecti
678 1426 749 1490 in
792 1444 1131 1490 carcerem
1175 1425 1485 1506 barbari3
1531 1424 1653 1488 sed
1697 1423 1965 1490 deducti
2009 1445 2049 1489 e
2093 1444 2360 1491 carcere
2403 1445 2562 1491 con·

361 1531 672 1596 sulares.⁸
760 1527 922 1593 Non
949 1529 1208 1611 captivi
1240 1528 1629 1610 alienigenae
1657 1522 2002 1591 introitum
2032 1526 2223 1591 illum
2251 1527 2561 1600 honesta·

360 1639 611 1707 verunt,
642 1630 760 1696 sed
796 1629 1019 1695 Roma
1039 1630 1182 1715 jam
1209 1631 1442 1697 libera.
1530 1633 1597 1696 2.
1646 1631 1832 1696 Nihil
1861 1651 1948 1695 ex
1972 1630 2241 1696 hostico
2270 1633 2559 1716 accepit,

359 1736 478 1800 sed
512 1755 584 1799 se
611 1736 831 1818 ipsam
863 1734 1326 1817 recuperavit:
1370 1753 1495 1798 nec
1526 1733 1760 1817 praeda
1786 1734 2050 1798 auctior
2077 1731 2264 1796 facta
2287 1742 2414 1805 est,
2436 1734 2558 1801 sed

357 1858 508 1904 esse
535 1837 769 1923 praeda
793 1837 1062 1915 desivit,
1093 1845 1181 1914 et,
1212 1856 1346 1921 quo
1376 1837 1542 1900 nihil
1571 1836 1781 1920 adjici
1828 1836 1916 1900 ad
1962 1836 2194 1917 gloriae
2225 1837 2558 1918 magnitu-

359 1943 583 2008 dinem
614 1947 871 2025 potest,
899 1939 1253 2024 imperium
1283 1940 1566 2024 recepit,
1598 1957 1751 2023 quae
1798 1938 2138 2002 servitium
2166 1938 2563 2004 sustinebat.

357 2047 426 2112 3.
474 2046 653 2115 Duci
681 2063 844 2109 sane
871 2044 1183 2109 omnibus
1215 2042 1611 2107 videbantur
1629 2039 1657 2079 b
1686 2042 1972 2105 subacta
2002 2040 2313 2104 vitiorum
2354 2042 2562 2123 agmi-

357 2168 469 2227 na,
502 2167 655 2233 quae
684 2147 923 2210 urbem
952 2147 1241 2229 graviter
1260 2144 1688 2209 obsederant.
1734 2143 1977 2208 Scelus
2002 2140 2344 2216 domitum,
2372 2144 2560 2210 victa

358 2251 660 2336 perfidia,
708 2248 1027 2315 diffidens·
1068 2250 1197 2313 sibi
1236 2249 1549 2325 audacia,
1593 2253 1658 2312 et
1703 2245 2180 2329 importunitas
2212 2252 2557 2313 catenata:

355 2354 543 2419 furor
588 2353 873 2429 vinctuS,
924 2359 995 2418 et
1045 2363 1320 2417 cruenta
1374 2351 1745 2417 crudelitas
1791 2349 1973 2415 inani
2020 2358 2263 2414 terrore
2303 2350 2558 2417 frende-

355 2458 550 2522 bant:
598 2456 922 2539 superbia
961 2460 1160 2539 atque
1209 2455 1588 2538 arrogantia
1616 2452 1996 2532 debellatae·‚
2025 2451 2340 2519 luxuries
2372 2453 2553 2520 coer·

424 2642 450 2666 ⁸
479 2634 701 2685 Liberius
715 2636 920 2685 exultet.

1285 2711 1641 2733 ‘eccene-ven

356 2805 605 2855 mendose
626 2805 822 2869 legitur
841 2804 1043 2866 refulti!
1071 2806 1264 2867 Jaeger.
1335 2805 1574 2856 Dicenda
1592 2808 1665 2855 est
1687 2804 1742 2852 in
1761 2802 1923 2852 urbem
1949 2802 2192 2865 ingram
2216 2799 2386 2851 Livin·
2413 2803 2467 2847 et
2492 2798 2561 2850 P.

362 2872 546 2933 Stepb.
575 2871 822 2921 Dicendum
854 2874 907 2920 in
943 2871 1105 2921 urbem
1137 2872 1379 2933 ing-rmus
1413 2877 1485 2920 est
1523 2870 1651 2920 Vet-
1676 2869 1845 2919 Livin-
1872 2867 2085 2931 Cuspin.
2115 2867 2349 2916 Rhenan.
2380 2863 2567 2914 lascivit

360 2937 515 2985 oratio
536 2936 662 2986 Vct.
686 2938 951 2987 Livin.--·5
984 2936 1216 3000 Guelph.
1248 2937 1429 2985 Nullus
1448 2952 1502 3000 p.
1533 2936 1774 2985 conditam
1801 2932 1965 2983 urbem
1993 2935 2045 2982 d.
2067 2933 2135 2982 R.
2156 2932 2311 2981 illusit
2329 2965 2346 2982 .
2365 2933 2564 2981 ..tanta

358 3001 533 3066 effusa,
555 3004 637 3065 &a
704 3002 826 3052 vid.
851 3015 969 3063 nup.
992 3014 1083 3050 lu.
1105 3006 1158 3050 7.
2165 3022 2172 3031 =

426 3067 561 3117 Car.
586 3079 753 3117 xxxi.
818 3071 844 3115 1
881 3066 1087 3115 Puteol.
1122 3066 1354 3115 Rhenan.
1380 3065 1451 3114 H.
1468 3065 1652 3126 Steph-
1674 3064 1849 3113 Rivin.
1872 3069 1921 3113 1.
1952 3066 2064 3111 ante
2081 3075 2303 3119 carrum5
2333 3059 2562 3122 Guelph.

359 3131 532 3182 Livin.
571 3132 730 3182 Grut.
770 3141 828 3182 et
861 3140 1087 3181 recentt.
1120 3136 1233 3180 ante
1264 3146 1470 3179 currum.
1537 3131 1707 3180 Livia.
1742 3130 1883 3192 conj.
1913 3127 2073 3177 educti
2100 3141 2127 3176 e
2157 3140 2375 3182 carcere,-
2407 3138 2561 3189 quam

359 3198 543 3312 ⁰⁰35&
549 3204 717 3312 ‘⁰1¹²12'*
740 3196 1239 3312 §⁹5⁹⁶‘ffi-Bm‘
1255 3195 1568 3322 ⁹31ffi¹⁵⁸·'·25
1595 3191 2221 3318 P‘ia⁶⁰'”“„¹2}‘„⁸213322
2242 3190 2403 3318 22³5:
2417 3192 2570 3319 ,35:32

360 3289 426 3301 --
537 3279 599 3313 ue
696 3298 710 3312 .
802 3279 820 3312 ι
864 3277 926 3312 ex
1006 3276 1300 3312 saco-..m
1425 3276 1506 3316 m,
1567 3275 1609 3308 ο.
1740 3275 1825 3315 ox,

363 3327 575 3389 cuspin.
599 3278 756 3379 cgrut.
780 3329 951 3378 Paris.
977 3328 1169 3379 Cenar-
1192 3326 1427 3376 Patarot.
1448 3326 1643 3388 Jaeger.
1663 3323 1724 3374 τὸ
1743 3324 1896 3386 mqy’ns
1917 3324 2068 3372 deest
2088 3322 2141 3372 in
2162 3322 2315 3372 codd.
2338 3322 2568 3371 Putean-

361 3391 532 3442 Livia.
571 3391 798 3457 Gnelph.
837 3394 1048 3444 Puteol.
1087 3393 1324 3442 Rhenan.
1357 3392 1539 3454 Steph.
1577 3392 1746 3440 Livia.
1785 3391 1955 3439 Rivin.
1979 3393 2025 3439 1.
2049 3393 2098 3437 2.
2166 3391 2182 3416 ⁸
2206 3389 2384 3439 Quare
2416 3386 2561 3435 abire

260 3448 269 3459 “
351 3456 514 3519 jumi:
547 3458 823 3508 Arum—3
855 3459 1080 3523 Guelph.
1111 3458 1327 3509 omnibus
1345 3458 1638 3507 videbamur.
1679 3462 1696 3485 ‘
1716 3455 1840 3505 Vet.
1860 3453 2028 3505 Livin.
2047 3451 2256 3513 suffecta
2270 3468 2318 3503 n.
2337 3451 2563 3511 agnina.-

363 3520 527 3569 male.’
558 3524 744 3585 Jaeger·
810 3529 824 3552 ‘
848 3523 1076 3587 Guelpb.
1115 3537 1314 3585 gruem
1347 3523 1622 3572 obsederant
1647 3537 1664 3570 ε
1700 3521 1851 3569 male.
1919 3518 2005 3568 ef.
2046 3518 2217 3567 Livin.
2254 3517 2320 3566 ad
2361 3516 2562 3566 Incert.

364 3587 636 3637 Constant.
671 3600 791 3636 xxv.
826 3587 892 3637 5?
926 3587 1099 3638 Arutz.
1161 3589 1394 3637 dissideas
1429 3587 1523 3637 sibi
1564 3587 1738 3635 Rivin.
1773 3589 1819 3634 1.
1854 3588 1903 3633 2.
1969 3584 2079 3633 Pro
2116 3587 2352 3641 catenata,
2396 3580 2561 3629 Livin.

364 3650 504 3713 conj.
538 3656 784 3701 catenatae.
865 3651 1041 3702 Rivin.
1081 3656 1129 3700 1.
1167 3657 1218 3700 2.
1258 3653 1407 3711 furor
1438 3652 1611 3700 victus.
1679 3647 1907 3709 Guelpb.
1950 3662 2020 3696 cr.
2055 3646 2251 3696 victoris
2290 3646 2565 3697 crudelem.

363 3718 529 3767 Rben.
552 3716 736 3781 Steph-
760 3717 974 3782 cnapin.
1009 3717 1183 3767 Livin-
1205 3716 1376 3767 Rivin.
1392 3722 1440 3766 1.
1457 3714 1749 3774 fundebat,-
1783 3713 2011 3778 Guelph.
2037 3712 2162 3764 Vet-
2193 3711 2417 3760 Puteau.
2442 3711 2563 3779 Vet-

1357 3843 1575 3895 NOTAE

428 3948 454 3981 ⁸
489 3941 703 3994 Deducit
723 3955 750 3991 e
769 3955 958 3992 carcere
984 3940 1276 4005 consulares]
1308 3942 1431 3992 Huc
1460 3972 1466 3979 ‚
1504 3947 1734 4003 centum,
1754 3941 1830 3990 Ut
1849 3939 1953 3990 scis
1970 3939 2106 4004 ipsa,
2129 3937 2339 4002 patrea!

363 4020 597 4085 pertinet
649 4017 779 4067 illud
841 4016 1118 4067 Prudentii
1182 4017 1431 4067 adversus
1575 4020 1602 4055 ¹²
1629 4021 1756 4071 Sane
1785 4018 1995 4069 omnibus
2026 4015 2328 4081 videbantur]
2362 4014 2564 4065 Trium·

366 4094 661 4161 Symmach-
684 4108 722 4144 1.
745 4098 863 4145 662.
883 4093 946 4142 ad
971 4096 1219 4146 Romam:
1255 4095 1271 4122 ‘
1298 4095 1428 4144 Cum
1499 4099 1670 4162 phalis
1702 4096 2031 4148 Constantini
2062 4101 2180 4160 post
2203 4107 2392 4145 coesum
2414 4093 2566 4144 Max·

362 4182 415 4222 te
437 4169 687 4237 pestifer·
721 4176 986 4234 premeret
1017 4170 1320 4221 Maxentius
1343 4185 1431 4221 au·
1503 4176 1701 4226 entium
1726 4175 1775 4224 in
1800 4172 1980 4224 urbem
2002 4173 2281 4236 ingressus.

364 4250 434 4314 ln,
467 4249 705 4315 Lugebat
733 4249 888 4315 longo
914 4247 1188 4313 damnatos
1223 4261 1434 4301 carcere
