3084 4959
898 363 1039 411 pao
1086 360 1453 412 ms'rwn.
1499 362 1841 412 senous.
1911 364 2014 412 ιν.
2046 348 2154 414 20.
2443 350 2619 419 1261

425 509 705 601 rabilius
733 510 860 575 hac
889 509 1318 588 liberalitate,
1349 527 1558 594 quam
1596 508 1908 575 fovendis
1944 509 2441 576 honorandisve
2468 512 2622 580 lite-

423 634 644 680 rarum
676 614 924 680 studiis
953 614 1371 696 impartiunt.
1458 615 1525 678 2.
1573 613 1872 698 Quippe,
1918 621 1995 679 ut
2036 614 2227 679 initio
2264 614 2624 691 dixi‚,nulli

425 716 1032 803 unquameantehac
1064 715 1417 799 Principes
1455 716 1607 800 pari
1638 736 1799 781 cura
1826 716 1985 781 belli
2017 719 2270 794 munia,
2297 718 2625 802 ethujus-

424 820 614 885 modi
644 819 843 903 pacis
885 827 1277 884 ornamenta
1319 819 1695 884 coluerunt.
1782 819 1868 901 3„
1893 820 2413 887 Diversissimus
2444 821 2622 887 enim

424 921 510 987 ad
539 928 892 1006 utramque
920 927 1176 988 sectam
1197 929 1219 958 ⁸
1270 922 1596 1000 deflexus,
1637 929 1706 986 et
1744 922 1973 1007 dispar
2016 932 2258 989 natura
2287 924 2622 1004 mentium,

425 1024 912 1107 etdiscrepans
942 1024 1012 1088 in
1042 1024 1372 1090 electione
1391 1024 1750 1109 judicium,
1778 1025 2081 1109 ipsorum
2110 1026 2400 1110 denique
2427 1026 2624 1091 utris-

426 1146 558 1211 que
590 1127 849 1213 artibus
877 1125 1385 1211 praesidentium
1423 1126 1769 1191 numinum
1810 1127 2070 1193 dissoni
2121 1130 2404 1206 sonitus,
2435 1127 2624 1193 habi-

421 1236 666 1314 tusque
695 1229 1086 1297 dissimile&
1167 1230 1237 1293 4.
1284 1228 1460 1308 Quo.
1486 1230 1705 1311 magis
1743 1229 1981 1295 horum
2026 1248 2209 1296 nova
2239 1236 2308 1296 et
2336 1229 2620 1309 incredi-

424 1333 583 1398 bilis
626 1337 729 1396 est
759 1334 972 1419 virtus
1018 1338 1087 1398 et
1127 1332 1534 1410 humanitas,
1563 1332 1708 1415 qui,
1735 1333 1902 1399 inter
1944 1339 2131 1398 tanta
2165 1336 2374 1417 opera
2412 1334 2623 1398 bello·

424 1455 594 1516 rum,
625 1437 711 1501 ad
742 1437 893 1502 haec
925 1456 1190 1521 quoque
1221 1436 1567 1500 literarum
1604 1436 1934 1515 exercitia
1974 1437 2371 1520 respiciunt,
2417 1443 2623 1520 atque

420 1540 616 1605 illum
671 1540 1081 1624 temporum‘
1140 1536 1409 1615 statum,
1459 1558 1623 1621 quo,
1675 1543 1747 1603 ut
1792 1538 2099 1622 legimus,
2146 1538 2463 1603 Romana
2496 1558 2621 1605 ,res

425 1643 783 1727 plurimum
811 1650 985 1709 terra
1016 1649 1087 1708 et
1114 1643 1281 1707 mari
1321 1641 1562 1719 valuit,
1592 1641 1698 1707 ita.
1721 1641 1988 1705 demum
2017 1642 2327 1725 integrari
2357 1648 2620 1725 putant,

426 1747 646 1812 sinon
673 1748 1031 1829 potentia,¹²
1060 1746 1179 1811 sed
1210 1745 1412 1811 etiam
1437 1744 1827 1827 eloquentia
1859 1742 2173 1809 Romana
2201 1744 2603 1810 revirescat.

514 1847 694 1912 CAP.
726 1863 871 1911 xx.
957 1848 1022 1911 1.
1073 1848 1284 1912 Detur
1329 1866 1509 1929 ergo,
1557 1844 1649 1910 V.
1682 1845 1794 1923 P.,
1838 1847 1958 1911 illa
2000 1845 2164 1911 mihi
2205 1848 2293 1911 ab
2338 1848 2621 1931 optimis

425 1950 748 2016 virtutum
779 1950 1074 2014 omnium
1105 1949 1398 2014 dominis
1430 1948 1688 2013 tributa
1716 1948 1987 2032 largitio
2018 1949 2178 2041 huic
2218 1952 2428 2034 operi,
2459 1950 2622 2015 doc-

427 2054 621 2120 trinae
642 2040 1267 2140 atque'eloquentiae
1292 2052 1671 2130 dedicata?
1692 2056 1789 2131 ut,
1808 2042 2376 2137 quemadmodum
2400 2059 2623 2120 cetera

1339 2198 1721 2224 'mnam'

494 2305 629 2363 clu».
652 2317 780 2356 xtx.
846 2308 874 2353 1
909 2304 1154 2355 Balduin.
1176 2310 1231 2354 et
1260 2296 1495 2367 pl'urirnae
1519 2301 1639 2354 edd.
1674 2303 2078 2365 honorandisqne5
2111 2301 2336 2362 Guelph.
2359 2315 2475 2352 cum
2499 2300 2620 2351 edd.

426 2373 635 2422 Puteol.
658 2381 710 2420 et
737 2369 972 2425 Rhenan.
1006 2371 1361 2428 honorandisoe,
1383 2370 1518 2436 quod
1546 2369 1808 2419 revocavit
1831 2368 2176 2433 Amnem—2
2210 2369 2387 2418 Moerl.
2407 2374 2463 2417 et
2481 2368 2623 2418 Gud-

420 2437 684 2498 Prineipes
719 2450 859 2485 curos
898 2436 1027 2497 belli,
1060 2436 1329 2499 muniaque,
1361 2442 1408 2485 et
1442 2435 1727 2496 huiusmodi,
1763 2436 1843 2496 dfe.
1908 2434 2044 2483 Edd.
2083 2440 2211 2483 vett.
2249 2433 2360 2482 beni
2395 2447 2623 2493 munera,-

425 2502 549 2551 vet.
572 2502 788 2564 Cuspin.
812 2510 866 2550 et
899 2500 1140 2551 Rhenan.
1172 2502 1445 2551 munim—3
1480 2502 1617 2550 Edd.
1636 2498 2026 2549 anteArntzen.
2057 2498 2271 2563 deflexus
2304 2503 2395 2560 est,
2424 2499 2623 2562 dispar,-

429 2567 654 2630 Guelph.
686 2567 915 2631 deflexus,
935 2573 982 2616 et
1004 2567 1197 2631 diepam·
1229 2567 1366 2615 unde
1391 2564 1642 2615 Arntzen.
1663 2565 1797 2628 conj.
1828 2563 2042 2628 deflexus
2060 2570 2150 2626 est,
2171 2569 2216 2613 et
2237 2563 2419 2625 dispar.
2485 2564 2622 2615 Edd.

319 2689 322 2692 Α
424 2641 559 2682 vett.
588 2632 943 2694 presidentium
964 2633 1221 2681 nominum.
1254 2638 1269 2660 ⁶
1292 2632 1433 2683 Nihil
1452 2632 1625 2681 verius
1647 2637 1730 2681 est
1751 2629 2011 2693 scriptura
2029 2629 2339 2678 Viennensis
2360 2628 2626 2692 editionis,

423 2697 783 2762 proesidentium
819 2698 1083 2760 numinum,
1113 2698 1345 2761 quamvis
1386 2711 1490 2745 non
1530 2697 1655 2746 item
1692 2695 2037 2757 comprobent
2072 2692 2423 2742 membrano!
2469 2694 2625 2744 Grut.

426 2766 443 2791 ‘
468 2764 675 2812 Praeter
711 2764 1061 2812 Viennensem
1103 2762 1314 2826 Cuspio.
1347 2762 1431 2811 ed.
1466 2777 1619 2827 quem
1656 2761 1857 2812 merito,
1883 2768 2166 2825 sequuntur
2196 2758 2536 2821 Parisienses,
2567 2765 2626 2808 et

428 2828 621 2877 Cellar.
638 2837 693 2876 et
713 2830 947 2878 Patarol.
970 2842 1146 2877 omnes
1168 2830 1220 2877 in
1244 2832 1491 2892 corrupta
1514 2826 1738 2878 lectione
1759 2826 1998 2876 nominum
2017 2825 2316 2888 conspirare
2339 2824 2626 2885 deprehen-

425 2893 516 2942 die
534 2895 719 2955 Jaeger.
773 2896 1015 2943 numinum
1038 2893 1304 2942 confirmet
1330 2893 1560 2955 Guelph.
1583 2901 1638 2942 et
1660 2906 1723 2941 ex
1747 2892 1955 2953 ingenio
1980 2891 2090 2954 jam
2117 2890 2345 2939 restituit
2365 2889 2624 2939 stewech.

428 2960 493 3008 ad
518 2959 718 3007 Arnob.
745 2959 861 3007 adv.
885 2960 1047 3011 Gent.
1070 2973 1160 3008 ιιι.
1196 2975 1248 3024 p.
1265 2962 1347 3007 91.
1417 2958 1556 3008 Vide
1580 2960 1734 3008 Nott.
1756 2957 2005 3006 Vara—4
2042 2956 2249 3005 Puteol.
2283 2955 2516 3003 Rhenan.
2550 2953 2623 3002 H.

429 3025 613 3087 Steph.
651 3024 886 3073 Balduin.
919 3031 975 3073 et
1014 3024 1184 3073 Rivin.
1214 3039 1338 3087 quae,
1372 3023 1517 3073 inter.
1585 3023 1754 3075 Livin.
1786 3029 1841 3070 et
1870 3021 1936 3070 P.
1968 3020 2150 3084 Steph.
2181 3025 2238 3070 ut
2259 3034 2350 3068 non
2377 3017 2625 3082 potentia,-

427 3091 554 3139 Vet.
595 3090 762 3138 Livin.
799 3089 1009 3152 cuspin.
1045 3089 1279 3137 Rhenan.
1317 3088 1542 3152 Guelpb.
1575 3089 1621 3136 si
1658 3102 1751 3136 non
1782 3087 2026 3150 muntia,-
2060 3086 2233 3134 Moerl.
2268 3085 2312 3134 si
2348 3099 2442 3133 non
2476 3085 2626 3134 solnm

421 3155 655 3219 potentia.
723 3155 869 3219 Mox,
889 3153 1152 3218 eloquentia
1176 3155 1330 3204 Roma
1353 3152 1473 3201 edd.
1494 3159 1627 3201 vett.
1652 3152 1891 3202 revirebat
1911 3150 2136 3215 Gnelpb.
2185 3166 2191 3171 ·

425 3236 436 3248 ·
465 3228 472 3237 ’
497 3221 635 3269 CAP.
665 3233 765 3270 xx.
823 3225 848 3269 1
887 3221 1022 3270 Voc.
1064 3233 1179 3282 ergo
1211 3220 1443 3282 neglexit
1467 3218 1711 3269 Balduin.
1748 3233 1841 3280 pro
1875 3232 1975 3281 quo
1999 3215 2220 3278 Gnelph.
2254 3215 2414 3264 habet
2447 3211 2624 3274 igitur.

429 3290 444 3314 ‘
468 3285 530 3334 In
554 3286 637 3335 ed.
659 3288 817 3348 Cusp.
840 3285 1008 3335 Rhen.
1033 3285 1216 3348 Steph.
1240 3293 1295 3334 et
1317 3285 1489 3334 Moerl.
1514 3298 1576 3334 ae
1598 3283 1739 3334 Gnd.
1763 3282 1947 3332 vitiose
1973 3283 2161 3345 legitur
2182 3281 2399 3332 dedicata
2412 3296 2432 3337 ,-
2465 3281 2518 3328 in
2537 3278 2622 3329 ed.

430 3350 673 3414 Livineii,
715 3352 1029 3417 reliquisque
1062 3358 1209 3402 recte
1245 3352 1479 3413 dedicato,
1508 3350 1588 3400 uti
1625 3348 1891 3399 Acidalius
1923 3348 2198 3413 legendum
2239 3361 2353 3397 esse
2387 3343 2626 3396 monuit-²

1416 3479 1642 3551 No'rAE

428 3620 436 3626 .
493 3588 512 3614 ⁸
544 3581 637 3643 Ad,
663 3584 907 3643 utramque
950 3582 1147 3646 sectam]
1200 3581 1317 3633 Quo
1347 3580 1483 3639 enim
1562 3579 1769 3629 manaz'
1809 3580 1882 3628 ita
1915 3577 2114 3628 Plinius
2146 3576 2346 3636 Peneg.
2379 3586 2496 3635 cap.
2522 3583 2628 3631 vn.

428 3658 549 3723 plus
580 3658 646 3707 ad
676 3657 836 3719 pacis.
868 3657 965 3707 hoe
998 3666 1099 3720 est,
1129 3657 1194 3707 ad
1218 3659 1485 3708 literarum
1565 3656 1583 3684 ‘
1605 3655 1721 3705 Nec
1745 3654 2005 3718 judicium
2041 3652 2324 3710 hominum,
2358 3647 2450 3697 sed
2485 3646 2625 3697 Deo-

425 3741 588 3794 artes,
610 3738 662 3783 te
681 3730 935 3796 conferes,
954 3745 1018 3783 eo
1032 3740 1085 3783 te
1102 3740 1309 3783 avertes
1321 3732 1486 3796 magis
1567 3745 1680 3779 rum
1702 3731 1859 3778 etiam
1882 3729 1933 3777 in
1951 3726 2218 3778 consilium
2239 3720 2507 3774 assumsit?
2552 3723 2626 3782 Et

428 3811 697 3865 abellicis.
763 3850 772 3860 .
1186 3852 1190 3857 .
1293 3842 1306 3859 .
1566 3805 1760 3857 Juliani
1785 3805 1983 3868 Paneg.
2006 3818 2123 3866 cap.
2142 3816 2199 3851 x.
2223 3807 2238 3830 ‘
2255 3801 2374 3851 Non
2397 3800 2623 3865 privatas

494 3891 511 3922 ί
542 3891 688 3939 Illum
723 3886 1024 3951 ‚tempos-um]
1085 3886 1302 3949 Tangit.
1329 3884 1487 3935 beata
1567 3881 1728 3941 aedes.
1761 3881 1854 3931 sed
1901 3880 2110 3944 publica
2146 3875 2339 3938 tecta;'
2374 3891 2486 3941 pro,
2517 3891 2622 3926 non

430 3966 668 4028 Pompeii
692 3971 957 4028 tempora,
980 3978 1097 4013 cum
1121 3963 1355 4015 Romanu
1380 3975 1485 4017 Ues·
1566 3958 1795 4024 privatas
1838 3957 2011 4009 modo.
2033 3956 2190 4006 aedes.
2251 3952 2355 4004 Sed
2394 3958 2450 4003 et
2486 3951 2623 4007 infra

428 4043 634 4107 publica
669 4049 811 4097 terra
852 4041 1086 4105 merique
1126 4038 1367 4095 victorias
1404 4053 1484 4087 re·
1566 4051 1685 4100 cap.
1701 4050 1823 4086 x1x.
1847 4036 1862 4062 ‘
1881 4049 1978 4085 nec
1998 4035 2135 4085 viros
2152 4031 2381 4097 quidem,
2398 4028 2487 4079 sed
2512 4046 2622 4080 mu·

435 4117 698 4181 portabat.
1565 4113 1841 4175 lierculasss
1862 4111 1915 4163 id
1939 4116 2036 4172 est,
2056 4124 2159 4160 non
2185 4109 2316 4157 viros
2337 4105 2508 4156 modo.

429 4240 438 4247 .
497 4204 521 4247 ,“
541 4196 652 4244 Non
672 4193 907 4258 potentia]
943 4154 1007 4243 ld
1026 4198 1125 4250 est,
1151 4198 1165 4221 ‘
1184 4206 1284 4242 uon
1303 4198 1485 4257 poten·
1592 4234 1607 4239 ..
1632 4197 1657 4224 ⁸
1684 4189 1921 4240 Dedit-ala
1945 4184 2210 4251 [dedicato]
2243 4184 2366 4235 Non
2387 4183 2622 4248 dedicata,

433 4273 509 4322 tia
531 4280 748 4337 tantum,
773 4270 867 4323 sed
890 4270 1046 4323 etism
1064 4269 1367 4336 eloquentia
1385 4268 1485 4320 Ro·
1567 4274 1628 4321 ut
1666 4269 1779 4320 vult
1817 4261 2221 4354 Balduinus,3id
2262 4268 2361 4321 est,
2403 4261 2624 4327 pecunie
