3084 4959
534 344 711 414 1536
1016 357 1462 414 usuum-rm
1512 356 1981 422 sumuntur
2026 354 2251 407 Ac'rm

539 504 824 579 cunctis,
849 521 988 588 quo
1013 522 1151 582 ore,
1182 521 1322 586 qua
1350 519 1548 578 voce,
1593 504 1615 536 ‘
1632 497 1836 578 Ave,’
1876 500 2117 584 inquit,
2161 500 2447 566 ‘consul
2468 503 2755 586 amplis-

541 609 712 674 sime
735 605 822 672 ‘2²¹²
909 609 1247 691 Dignatus
1276 604 1515 670 osculo
1544 603 1680 667 illis
1707 602 1957 668 divinis
1987 602 2310 669 affatibus
2333 607 2747 684 consecrari,

538 710 883 778 dexteram
924 708 1139 784 dedit,
1170 707 1356 772 illam
1389 706 1764 781 dexteram,
1792 705 2166 770 immortale
2196 705 2447 789 pignus
2479 708 2750 773 virtutis

536 820 604 879 et
632 813 809 878 fidei.
897 815 963 878 5.
1009 809 1249 876 Poetae
1287 808 1527 885 ferunt,
1564 808 1967 873 altissimum
1995 808 2209 884 illum,
2243 816 2314 874 et
2351 817 2596 875 cuncta
2619 830 2751 893 po·

539 922 788 982 testate
813 914 1229 980 cohibentem
1262 912 1509 988 Deum,
1534 911 1655 993 qui
1679 910 1927 977 ditione
1948 917 2279 995 perpetua
2294 910 2525 976 divina
2545 919 2750 996 atque

540 1019 828 1083 humana
872 1016 1288 1092 moderatur,
1330 1033 1481 1114 cum
1527 1014 1864 1096 despiciat
1903 1014 1973 1078 in
2018 1018 2252 1091 terraS,
2284 1012 2554 1079 habitu⁵
2601 1016 2746 1079 oris

540 1126 1018 1204 tempestatum
1056 1121 1312 1184 incerta
1354 1125 1639 1189 mutare,
1678 1120 1829 1202 ejus
1858 1124 2024 1182 nutu
2052 1117 2377 1182 mundum
2406 1120 2746 1183 tremisce-

535 1223 639 1301 re,
669 1224 852 1288 illius
880 1222 1214 1287 hilaritate
1249 1220 1547 1286 turbines
1574 1220 1776 1304 abigi,
1804 1217 2019 1286 nubes
2045 1221 2286 1306 fugari,
2317 1222 2596 1288 nitentia
2624 1241 2753 1306 per

541 1328 773 1391 orbem
805 1345 1045 1391 serena
1066 1324 1351 1391 refundi.
2198 1369 2201 1374 -

628 1430 809 1496 CAP.
843 1444 1086 1493 xxlx.
1160 1429 1226 1492 1.
1273 1426 1432 1493 Hoc
1483 1427 1583 1493 ita
1629 1446 1804 1505 esse,
1850 1427 2060 1512 paulo
2099 1432 2252 1492 ante
2291 1427 2511 1492 oculis
2548 1427 2748 1492 licuit

543 1531 859 1615 experiri.
948 1530 1029 1595 In
1074 1535 1385 1613 quantam
1430 1530 1712 1594 laxatus
1755 1536 1863 1594 est
1893 1529 2211 1614 populus,
2242 1534 2312 1595 te
2354 1531 2747 1595 consulibus

540 1635 683 1699 tuis
729 1632 1086 1710 arridente,
1116 1632 1424 1700 laetitiam
1447 1631 1509 1697 Μ
1588 1634 1653 1698 2.
1697 1632 2017 1698 Vidimus
2047 1635 2369 1698 attonitos
2412 1631 2746 1698 admiran-

540 1739 709 1803 tium
742 1734 988 1812 vultus,
1015 1735 1457 1799 multiformes
1478 1735 1856 1800 laetantium
1879 1741 2116 1814 statuS,
2144 1738 2371 1802 varios
2393 1755 2747 1819 corporum

540 1847 788 1906 motus·
875 1837 1223 1903 Clamores
1271 1837 1656 1904 inconditos
1698 1839 2146 1924 profundebat
2173 1838 2493 1904 laudandi
2532 1838 2747 1903 effusa

540 1945 845 2009 libertas.
928 1941 1376 2026 Tripudiabat
1424 1943 1677 2007 crebris
1720 1943 2006 2007 saltibus
2047 1942 2424 2008 multitudo.
2507 1941 2574 2005 3.
2621 1941 2748 2006 Ni-

542 2047 700 2111 miae
743 2046 1002 2111 laetitiae
1053 2044 1317 2112 decoris
1363 2050 1520 2109 sunt
1562 2049 1633 2109 et
1677 2044 2025 2126 gravitatis
2070 2045 2525 2108 immemores.
2612 2044 2749 2109 Illa

536 2149 830 2235 jactatio
862 2155 1180 2230 togarum,
1210 2147 1327 2211 illa
1356 2145 1691 2213 exultatio
1722 2167 2080 2232 corporum
2112 2147 2579 2212 nescientibus
2598 2165 2745 2230 ρω-

542 2271 627 2316 ne
655 2250 1036 2316 hominibus
1066 2250 1513 2316 excitabatur.
1603 2253 1669 2317 4.
1718 2250 2004 2316 Omnem
2047 2249 2445 2315 modestiam
2487 2248 2748 2333 populi,

543 2373 812 2418 omnem
880 2351 1356 2417 verecundiam
1421 2353 1519 2418 tui
1591 2353 1842 2436 gaudia
1901 2353 2175 2419 effraena
2231 2358 2741 2437 superaverant.

546 2458 568 2490 ‘
585 2453 770 2535 Ave„
786 2456 1018 2521 consul
1048 2453 1458 2538 amplissime
1481 2454 1515 2519 ἒ*
1588 2455 1788 2524 Aveo
1820 2455 2040 2540 plane,
2068 2455 2460 2540 Imperator,
2492 2461 2565 2520 et
2592 2474 2751 2519 ave·

542 2558 656 2623 bo.
742 2560 808 2623 5.
851 2557 1098 2642 Neque
1126 2559 1307 2622 enim
1329 2566 1610 2623 eventus
1638 2579 1790 2625 esse
1819 2564 2044 2643 potest
2073 2560 2286 2642 optati
2313 2558 2512 2642 hujus
2534 2558 2747 2621 ambi-

543 2673 800 2748 guus;⁸
842 2680 999 2725 cum
1055 2661 1116 2725 is
1174 2680 1370 2727 avere
1418 2661 1682 2746 jubeat,
1739 2663 1858 2747 qui
1907 2661 2052 2746 jam
2110 2661 2294 2741 fecit,
2345 2667 2423 2725 ut
2462 2673 2747 2728 averem.

599 2848 634 2893 s
661 2850 723 2899 Ῑιι
739 2853 963 2913 quantum
976 2848 1207 2910 gaudium
1226 2846 1407 2911 effusus
1420 2851 1491 2895 est
1509 2849 1724 2911 populns,
1745 2847 1859 2896 dum
1879 2847 1981 2896 tuis
1996 2845 2264 2896 consulibus
2281 2842 2663 2896 awanam-is!

605 2924 634 2959 t
668 2916 833 2981 Neque
853 2914 978 2964 enim
987 2917 1145 2979 potest
1163 2912 1334 2962 dubius
1351 2927 1451 2963 esse
1467 2925 1705 2963 successus
1724 2911 1862 2972 huju
1880 2913 1981 2962 volt
2003 2914 2091 2962 tui.
2598 2933 2605 2942 ·

1465 3036 1824 3060 “On-mOOOO
1858 3067 1865 3074 .

543 3144 752 3194 Puteol.
774 3143 1008 3193 Rhenan.
1032 3140 1105 3190 H.
1130 3140 1312 3203 Steph.
1330 3140 1498 3190 Lisin.
1523 3139 1697 3189 Rivin.
1718 3140 1788 3189 al.
1811 3145 1940 3191 vett.
1962 3147 2110 3190 extat
2139 3154 2263 3191 vero
2291 3138 2344 3189 in
2373 3139 2497 3187 Vet.
2518 3138 2744 3188 Putean-

543 3210 751 3260 Bertin.
776 3209 1002 3271 Guelph.
1029 3207 1158 3255 Exc.
1179 3207 1467 3255 Schonhov.
1486 3206 1664 3254 Moerl.
1697 3205 1910 3268 cuspin.
1944 3206 2007 3255 P.
2038 3206 2217 3268 steph.
2242 3212 2296 3254 et
2320 3211 2541 3254 recentt.
2604 3204 2744 3252 Vide

546 3276 701 3325 Nott.
722 3275 872 3323 Varr.
943 3273 1173 3332 Dignam
1192 3272 1329 3334 conj.
1353 3272 1523 3322 Livin.
1579 3270 1829 3331 Dignatus
1859 3288 1902 3321 ο.
1930 3274 2028 3319 oris
2048 3272 2179 3320 illius
2196 3273 2245 3320 d.
2268 3286 2317 3319 α.
2339 3269 2599 3319 consecrati
2619 3268 2742 3317 edd.

441 3368 446 3375 -
545 3346 669 3389 ante
686 3339 719 3390 J
726 3353 882 3401 aeger.
930 3338 1181 3397 Dignatus
1198 3338 1351 3386 osculo
1371 3337 1473 3384 illis
1492 3338 1544 3385 d.
1560 3352 1606 3385 a.
1626 3338 1892 3385 consecrari
1906 3337 2079 3385 Μαι-1.
2094 3345 2150 3385 et
2168 3335 2493 3397 Guelph.-—5
2519 3333 2749 3396 Guelph.

544 3410 590 3454 et
615 3409 784 3454 cuncta
806 3408 914 3466 post
936 3401 1250 3452 cohibentem..
1308 3400 1558 3449 Nonnulli
1582 3414 1665 3462 ap.
1690 3400 1925 3466 Putean„
1942 3401 2098 3452 halitu
2118 3401 2234 3451 oris.
2299 3401 2432 3451 Exc.
2452 3398 2741 3449 Scbonbov.

546 3473 875 3533 tempestatum
893 3472 1040 3516 certa.
1106 3465 1319 3529 Cuspiu-
1347 3480 1435 3528 per
1454 3481 1499 3513 ο.
1520 3480 1559 3514 s.
1581 3464 1811 3529 diffundi.

614 3536 747 3585 Cn».
770 3545 936 3583 xxix.
1008 3534 1033 3579 1
1071 3531 1275 3581 Bertin.
1309 3530 1458 3580 oculis
1481 3531 1622 3598 paulo
1642 3535 1784 3589 «και,-
1819 3529 2046 3594 Guelph.
2077 3530 2223 3581 oculis
2243 3531 2384 3594 paulo
2401 3534 2513 3579 ente
2532 3527 2748 3592 experiri

544 3599 701 3650 licuit.
767 3599 829 3648 In
849 3614 896 3662 q.
919 3599 1239 3646 lassatus—2
1272 3596 1479 3645 Puteol.
1501 3595 1735 3645 Rhenan.
1762 3596 1942 3658 Steph.
1969 3604 2026 3646 et
2057 3597 2231 3646 Rivin.
2257 3601 2303 3644 1.
2334 3609 2526 3657 corpore
2556 3598 2744 3652 notun

544 3666 668 3714 Vet.
691 3664 911 3714 Putesn.
943 3661 1175 3723 Gnelph.
1206 3668 1260 3709 et
1298 3661 1429 3710 Exc.
1465 3661 1756 3711 Schonhov.
1789 3676 2033 3725 corporum
2066 3663 2334 3711 motam—8
2369 3660 2539 3709 Nimia
2569 3659 2744 3708 letitia

546 3731 687 3795 conj.
710 3728 987 3780 Menrsius.
1053 3728 1163 3777 Pro
1194 3727 1391 3784 decor-is,
1425 3727 1596 3778 Livin.
1626 3727 1761 3791 conj.
1790 3727 2061 3778 decora—6
2095 3728 2218 3777 Vet.
2242 3725 2470 3775 Putean.
2501 3738 2640 3775 avere
2667 3738 2743 3772 ms

1530 3858 1745 3909 NOTAE

610 3959 636 3994 ¹¹
673 3957 1169 4022 Cmsslnmplissime]
1192 3959 1380 4008 Utrum
1399 3958 1496 4007 hoc
1512 3958 1604 4006 ho·
1684 3971 1777 4007 sua
1820 3955 2175 4020 pervenisset?
2208 3953 2225 3984 ⁴
2249 3953 2307 4003 Is
2344 3950 2530 4012 enim,'
2574 3949 2744 4015 inquit

544 4037 683 4087 noris
700 4038 853 4085 titulo
866 4034 1606 4099 cottonestabanturconsules,
1681 4033 1877 4083 Tullius
1900 4048 1995 4098 pro
2021 4032 2207 4082 Roscio
2236 4029 2485 4079 Amerino
2517 4041 2636 4092 cap.
2657 4031 2740 4075 85.

541 4117 602 4163 ἰιι
628 4114 689 4162 sd
713 4113 891 4177 Epigr.
924 4126 1006 4162 rx.
1027 4117 1073 4161 1.
1109 4110 1420 4173 Apollinaris
1454 4112 1604 4161 Sido·
1679 4108 1697 4136 ‘
1719 4109 1843 4158 milui
1879 4108 2084 4157 videtur
2121 4106 2478 4170 amplissimus,
2524 4105 2611 4169 qni
2646 4118 2746 4152 sna

546 4191 620 4239 nii
643 4191 882 4239 observat
909 4189 1062 4240 Joan.
1094 4188 1328 4238 savaro?
1364 4204 1429 4238 an
1465 4187 1602 4252 quod
1685 4187 1881 4236 virtute
1899 4185 1950 4234 in
1969 4187 2202 4235 altiorem
2226 4185 2397 4233 locum
2418 4179 2692 4244 pervenit?

546 4265 890 4315 Mamertinus
930 4265 995 4315 ad
1040 4266 1363 4316 consulatum
1410 4266 1603 4316 virtute
1747 4263 1764 4299 ¹
1796 4262 2011 4326 Habitu]
2033 4261 2116 4313 An
2136 4256 2325 4312 halitu?
2354 4260 2659 4324 Quanquam
2682 4262 2746 4307 et
