3084 4959
469 364 643 431 1240

470 525 741 592 rendum
771 526 914 603 est,
948 523 1070 609 qui
1120 524 1479 590 civitatem⁹
1512 522 1740 600 istam,
1789 528 1861 586 et
1899 519 2061 586 olim
2108 517 2397 599 fraterno
2430 520 2667 604 populi
2725 525 2732 533 ’

471 628 768 696 Romani
812 628 1115 693 nominep
1175 626 1550 709 gloriatam,
1609 633 1681 690 et
1728 633 1889 690 tuno
1946 622 2210 687 demum
2269 623 2668 705 gravissima

470 730 664 798 clade
693 730 1098 816 perculsam,
1148 749 1323 806 cum,
1370 728 1728 794 latrocinio
1775 725 2186 807 Bagaudicae
2233 723 2619 795 rebellionis
2639 733 2667 772 ‘¹

472 836 779 912 obsessa,
810 832 1140 900 auxilium
1174 832 1462 897 Romani
1485 829 1860 914 Principisr
1888 828 2260 911 irrogaret,⁸
2283 847 2417 891 non
2447 828 2664 893 solum

472 957 598 1023 pro
625 935 1063 1002 admiratione
1094 934 1492 1005 meritorum,
1522 932 1648 999 sed
1692 933 1898 999 etiam
1936 950 2060 1015 pro
2098 931 2522 996 miseratione
2553 951 2667 996 ca·

473 1060 665 1106 suum
696 1039 1023 1116 attollere,
1048 1058 1130 1103 ac
1173 1057 1470 1103 recreare
1513 1037 1885 1115 voluerunt,
1930 1035 2289 1118 ipsamque
2332 1034 2663 1100 ruinarum

475 1144 624 1228 ejus
679 1139 1203 1224 magnitudinem
1250 1139 1736 1204 immortalibus
1784 1137 2212 1202 liberalitatis
2251 1156 2397 1203 suae
2427 1156 2667 1202 monu-

460 1246 715 1312 mentis
738 1245 1001 1328 dignam
1024 1241 1526 1327 judicaverunt,
1561 1251 1639 1307 ut
1666 1247 1856 1307 tanto
1884 1245 2071 1306 esset
2106 1240 2426 1305 illustrior
2450 1241 2666 1323 gloria

471 1349 953 1426 restitutorum,
1012 1352 1263 1430 quanto
1321 1346 1478 1430 ipsa
1534 1345 1753 1410 moles
1810 1342 2250 1408 restitutionis
2292 1342 2664 1409 immanior.
2736 1430 2741 1437 .

469 1451 535 1517 2.
581 1451 825 1535 ltaque
855 1449 1186 1515 maximas
1216 1443 1570 1532 pecuniae,
1604 1454 1672 1514 et
1707 1452 1942 1518 totum,
1972 1446 2033 1511 si
2063 1465 2172 1509 res
2202 1450 2465 1529 poscat,
2496 1462 2663 1512 aera-

472 1554 667 1632 rium,
697 1570 830 1617 non
880 1552 1148 1636 templis
1183 1552 1384 1617 modo
1434 1571 1517 1618 ac
1563 1551 1738 1618 locis
1779 1550 2073 1636 publicis
2109 1547 2514 1628 reficiuudiS‚
2546 1547 2664 1614 sed

472 1656 678 1721 etiam
709 1654 989 1739 privatis
1029 1652 1341 1718 domibus
1383 1652 1769 1736 indulgent:
1809 1653 1876 1717 3.
1915 1672 2040 1717 nec
2072 1651 2396 1736 pecunias
2425 1651 2656 1730 modo,

1239 376 1569 427 tumtun
1620 374 1904 425 oRA'rto

1389 1815 1419 1835 0
1424 1815 1449 1835 0
1453 1812 1745 1835 &deteneat

460 1913 666 1974 serenda
685 1919 775 1964 est.
840 1914 989 1976 Mox,
1023 1913 1273 1964 Batanieae
1304 1912 1568 1964 rebellionis
1597 1913 1715 1963 edd.
1739 1920 1859 1962 ante
1881 1914 2103 1964 Putean.
2167 1913 2306 1964 Vide
2328 1914 2480 1964 Nott.
2502 1912 2659 1962 Varr-

474 1980 704 2041 Deinde,
734 1994 827 2045 pro
860 1980 1120 2041 irrogaret,
1146 1979 1282 2043 qnod
1319 1986 1529 2029 servant
1558 1979 1685 2028 Vet.
1706 1980 1876 2028 Livin'.
1898 1981 2101 2030 Bertin.
2124 1979 2352 2044 Guelpb.
2374 1989 2428 2028 et
2451 1979 2665 2041 Cuspin.

469 2044 770 2160 {23:552
798 2045 1369 2174 iihss'issssu‘isserliliss
1385 2045 2462 2175 {matr‘awa‘zzsstzt'z’L-ass‘z'sz
2494 2058 2666 2160 1553?

1460 2257 1676 2309 NOTAE

472 2364 666 2408 ratores
683 2357 1057 2419 Diocletianus,
1072 2363 1129 2407 et
1147 2356 1526 2425 Maximianus:

473 2435 707 2486 Caesares
737 2447 861 2484 vero
894 2434 1253 2491 Constantius,
1280 2442 1333 2485 et
1368 2435 1526 2485 Gale-

471 2526 593 2559 nus.

535 2594 562 2630 P
595 2587 828 2643 Fraterno
857 2601 970 2651 pop.
1006 2587 1151 2638 Rom.
1186 2587 1393 2653 nomine]
1446 2589 1528 2639 'De

473 2664 655 2715 AEduis
690 2678 861 2713 sermo
904 2672 1006 2725 est,
1044 2679 1173 2727 qnos
1214 2665 1415 2715 Tullius
1460 2665 1526 2715 ad

472 2739 587 2791 Art.
620 2754 658 2790 1.
694 2744 774 2790 19.
807 2748 822 2770 ⁸
845 2740 1023 2804 populi
1058 2740 1272 2790 Romani
1309 2738 1527 2790 fratres'

472 2818 723 2883 appellat,
744 2824 800 2868 et
821 2818 993 2868 Tacit.
1016 2817 1204 2868 Annal.
1224 2833 1304 2869 xl.
1326 2822 1343 2848 ⁸
1360 2820 1527 2871 Primi

471 2895 626 2947 AEdui
658 2902 952 2945 senatorum
987 2894 1040 2943 in
1074 2895 1203 2944 urbe
1230 2895 1318 2958 jus
1350 2895 1530 2960 adepti

467 2979 606 3023 sunt.
670 2973 869 3023 Datum
906 2972 959 3021 id
995 2969 1176 3022 foederi
1210 2973 1441 3038 antiquo,
1473 2984 1531 3025 et

466 3052 586 3116 quia
616 3051 722 3100 soli.
752 3049 1021 3100 Gallorum
1058 3045 1402 3101 fraternitatis
1438 3065 1529 3102 no·

470 3140 586 3175 men
610 3139 725 3175 cum
760 3126 953 3190 populo
977 3124 1212 3176 Romano
1238 3125 1528 3191 usurpant?

469 3203 680 3267 Paneg»
693 3215 820 3251 vm.
838 3205 888 3251 2.
908 3201 925 3230 ‘
943 3201 1095 3250 AEdui
1120 3202 1272 3264 primi
1302 3202 1526 3251 omnium

468 3281 608 3329 inter
630 3280 741 3329 illas
772 3279 1019 3328 immanes
1054 3286 1110 3326 et
1134 3278 1379 3328 barbaras
1401 3280 1529 3330 Gal·

465 3358 551 3406 lire
586 3364 768 3420 gentes
803 3355 1037 3418 plurimis
1065 3357 1527 3407 senatusconsultis

467 3429 660 3480 fratres
678 3431 852 3494 populi
868 3429 1087 3479 Romani
1108 3431 1356 3494 appellati
1371 3433 1528 3482 sunt.'

467 3508 660 3557 Posset
683 3505 738 3557 id
758 3507 1021 3557 sexcentis
1055 3507 1168 3557 aliis
1188 3507 1317 3558 locis
1340 3508 1523 3559 conflr-

466 3599 615 3635 marn.

531 3670 557 3706 ⁸
590 3662 889 3725 Bsgaadieoe
922 3659 1211 3724 rebellionis]
1258 3663 1380 3713 Non
1420 3664 1522 3714 Ba-

465 3740 635 3791 tacieoe
655 3746 714 3789 ut
735 3739 981 3789 Rhenano
1015 3739 1210 3802 placet,
1231 3745 1354 3790 tunc
1385 3741 1523 3790 enim

464 3817 695 3867 Batavos
729 3815 976 3865 Romanis
1011 3815 1205 3864 amicos
1239 3815 1395 3865 fuisse
1430 3832 1521 3866 no-

465 3901 577 3943 tum
607 3901 710 3955 est,
732 3891 887 3941 immo
913 3890 1080 3940 varias
1114 3906 1144 3940 a
1167 3892 1376 3942 Francis
1391 3893 1522 3957 inju-

465 3971 591 4032 rias,
618 3973 901 4032 propterea
924 3966 1059 4029 quod
1095 3967 1328 4017 Romano
1359 3970 1523 4033 impe·

464 4046 544 4096 rio
566 4044 658 4094 fidi
679 4049 870 4108 essens,
893 4042 1173 4107 accepisse,
1196 4057 1262 4094 ne
1295 4045 1416 4094 dum
1446 4045 1524 4094 in-

466 4122 648 4173 tulisse
691 4120 953 4170 Romanis.
1026 4119 1232 4170 Deinde
1268 4121 1524 4184 quomodo

467 4212 531 4248 eo
571 4197 760 4248 Batavi
805 4196 1203 4260 penetrassent?
1258 4196 1525 4261 Bagaudoe

470 4278 643 4326 autem
666 4273 820 4324 iidem
838 4272 927 4338 qui
949 4271 1181 4323 seditiosi
1202 4277 1260 4323 et
1282 4273 1528 4324 latrones.

1608 2356 1860 2422 Bagauda
1897 2357 2243 2414 latrocinium,
2280 2355 2530 2406 tumultus
2573 2367 2663 2417 μοι

1613 2433 1825 2497 pularis,
1861 2435 2064 2484 seditio.
2130 2435 2378 2498 Prosper.
2416 2431 2433 2459 ‘
2458 2431 2666 2481 Eudox-

1608 2512 1689 2561 ius
1713 2502 1825 2561 arte
1848 2511 2093 2574 medicus,
2113 2512 2257 2574 pravi
2280 2510 2369 2559 sed
2395 2506 2668 2577 exercitati

1609 2587 1821 2649 ingenii,
1840 2588 1891 2637 in
1909 2587 2158 2650 Bagauda
2179 2588 2230 2637 id
2257 2588 2504 2649 temporis
2526 2593 2667 2635 mota

1610 2663 1812 2714 delatus
1867 2664 1932 2715 ad
1974 2665 2215 2715 Chunnos
2250 2661 2519 2727 ¹confugit.
2596 2661 2666 2711 Et

1609 2744 1778 2791 omnia
1801 2756 1936 2807 pene
1956 2741 2240 2793 Galliarum
2261 2741 2474 2790 servitia
2492 2740 2542 2789 in
2564 2739 2667 2788 Ba·

1611 2818 1828 2881 gandam
1847 2816 2246 2882 conspiravere.'
2287 2816 2552 2866 Salvianus
2574 2815 2667 2865 lib.

1612 2906 1666 2943 v.
1691 2902 1706 2925 ⁸
1726 2893 1925 2946 Quibus
1956 2894 2092 2944 enim
2126 2893 2238 2943 aliis
2274 2893 2426 2943 rebus
2459 2893 2665 2956 Bagau-

1611 2970 1693 3019 dae
1715 2969 1843 3019 facti
1862 2979 2002 3032 sunt,
2024 2969 2123 3019 nisi
2153 2968 2512 3034 iniquitatibus
2548 2983 2664 3019 nos·

1613 3047 1708 3097 tris
1726 3045 1764 3096 ?’

1673 3131 1694 3157 ¹
1727 3122 1935 3173 Romani
1970 3121 2240 3186 Principis]
2271 3122 2476 3186 Nempe
2507 3114 2662 3172 Clan-

1609 3198 1684 3250 dii
1704 3197 1842 3264 Aug.
1869 3199 2021 3263 hujus
2053 3198 2274 3248 nominis
2309 3197 2541 3260 secundi,
2574 3212 2663 3247 cn·

1602 3277 1692 3341 jus
1729 3290 1882 3342 opem
1917 3275 2069 3326 AEdui
2108 3292 2148 3325 a·
2172 3273 2666 3338 Bagaudis·obsessi

1606 3355 1964 3416 implorarunt.
2028 3352 2104 3403 At
2144 3352 2190 3402 is
2230 3353 2481 3404 Gottbico
2523 3352 2664 3402 bello

1606 3431 1836 3480 intentus
1888 3431 2158 3495 suppetias
2203 3431 2278 3480 eis
2325 3431 2502 3482 venire
2545 3445 2662 3481 cum

1606 3521 1708 3556 non
1735 3507 2006 3571 potuisset,
2027 3507 2124 3571 ipsi
2156 3515 2274 3571 post
2300 3516 2499 3571 septem
2519 3521 2664 3556 men·

1607 3583 1736 3633 sium
1780 3583 2120 3647 obsidionem,
2163 3584 2342 3633 urbem
2379 3594 2523 3634 suam
2562 3584 2662 3633 Ba-

1605 3658 1786 3725 gaudis
1829 3674 2111 3725 eorumque
2149 3661 2290 3724 duci,
2335 3660 2421 3710 cui
2458 3661 2665 3711 Tetrico

1604 3754 1809 3804 nomen,
1827 3741 2029 3805 aperire
2062 3753 2273 3789 necesse
2305 3738 2516 3789 hebent.
2581 3740 2664 3789 Ex

1605 3832 1706 3883 qno
1728 3820 1844 3868 loco
1866 3817 2052 3878 colligo
2075 3814 2350 3880 Bagaudas
2378 3828 2482 3866 non
2506 3815 2661 3865 Max·

1587 3890 1777 3944 'imiani
1803 3894 2019 3959 primum
2042 3899 2278 3957 tempore
2295 3891 2541 3941 adversus
2557 3891 2661 3942 Ro-

1603 3984 1780 4020 manos
1803 3970 2118 4032 conjurasse.

1666 4053 1685 4078 ⁸
1717 4041 1992 4106 Irrogcret]
2050 4042 2230 4093 Malim
2272 4042 2532 4106 innueret,
2570 4047 2662 4093 aut

1602 4120 1894 4184 imploraret,
1923 4127 1984 4170 ut
2007 4119 2074 4168 ad
2096 4118 2217 4169 libri
2242 4119 2320 4167 sui
2342 4133 2483 4170 oram
2510 4126 2663 4170 notat

1610 4199 1688 4250 vir
1709 4197 2033 4250 doctissimus
2054 4196 2389 4260 Bongarsius.
2642 4214 2646 4219 ·
