3084 4959
425 330 600 397 lm
983 344 1429 399 MAMER'rth
1482 322 2079 397 cssuernhmcus

426 491 631 557 modo
674 489 929 556 assueti
968 491 1253 573 sagittis,
1286 491 1615 561 adversus
1648 489 2051 572 AEthiopasq
2091 492 2396 573 quaerunt
2424 507 2635 567 arma,

430 614 586 677 quae
633 612 771 658 non
815 592 1081 673 habent,
1122 599 1190 659 et
1238 613 1436 677 paene
1482 592 1699 663 nudis·
1726 591 1901 664 odiis
1948 591 2184 675 praelia
2226 591 2635 667 internecina

427 695 863 765 committunt.

518 797 696 862 CAP.
729 811 961 860 xvlu.
1016 795 1083 860 1.
1114 793 1161 861 J
1169 815 1275 861 am
1300 794 1385 861 de
1407 786 1861 879 perduellibus
1892 794 2230 861 ultionem.
2250 814 2388 859 non
2416 794 2635 873 armiS,
2675 814 2681 823 ·

426 918 564 965 non
616 899 949 975 exercitu,
1004 898 1276 983 capitis,
1329 898 1510 962 sicut
1559 897 1912 980 hucusque
1962 897 2268 965 fecistis:
2321 896 2491 980 jam,
2536 896 2638 961 in·-

430 1020 657 1085 quam,
685 988 1196 1065 fortunatissimi
1235 998 1717 1083 Imperatores,
1749 999 2135 1066 felicitatem
2177 998 2450 1064 vincitis
2486 999 2639 1064 soli.

426 1103 494 1167 2.
539 1102 628 1167 Et
676 1102 841 1187 quid
894 1121 1190 1187 unquam
1246 1101 1537 1169 Romani
1594 1101 1956 1185 Principes
2009 1102 2094 1165 de
2147 1101 2466 1173 {elicitate
2515 1121 2638 1166 sua

429 1204 780 1289 praedicari
837 1206 1064 1275 laetius
1123 1203 1500 1282 audierunt,
1551 1224 1754 1287 quam
1805 1224 1961 1270 cum
2014 1205 2362 1280 diceretur,
2406 1204 2641 1271 hostes

430 1309 804 1391 quiescere,
829 1309 1089 1375 otiosos
1117 1326 1293 1393 esse,
1317 1325 1556 1390 pacem
1590 1305 1856 1379 colere?
1943 1307 2007 1373 3.
2053 1307 2153 1373 At
2181 1307 2356 1372 enim
2385 1314 2641 1391 quanto

428 1409 562 1475 hoe
607 1416 711 1474 est
754 1409 1123 1475 laetabilius
1165 1429 1248 1474 ac
1292 1409 1569 1488 meliust„
1598 1409 1780 1494 quod
1813 1410 1895 1475 de
1925 1411 2369 1495 prosperitate
2401 1411 2640 1474 saeculi

431 1511 630 1577 vestri
670 1512 970 1579 certatim
1000 1513 1289 1577 omnium
1323 1510 1663 1575 hominum
1694 1529 1806 1575 ore
1836 1511 2321 1581 circumfertur:
2373 1512 2643 1579 barbari

431 1613 520 1677 ad
562 1632 748 1680 arma
777 1621 1195 1693 concurrunt,
1222 1614 1343 1678 sed
1368 1614 1654 1678 invicem
1686 1602 2106 1679 dimicaturi!
2155 1606 2463 1678 vicerunt
2487 1613 2642 1678 bar-

428 1715 600 1799 bari,
644 1717 764 1783 sed
817 1718 1345 1805 consanguineos
1378 1734 1562 1781 suos.
1650 1717 1715 1782 4.
1760 1716 1935 1781 Tam
1983 1717 2367 1782 innumeros
2423 1715 2641 1796 vobis,

1349 1895 1717 1929 “neeeoeqae

434 2010 651 2075 Cuspio.
702 2012 836 2063 Vide
863 2013 1014 2064 Nott.
1037 2013 1192 2065 vau-r.
1244 2014 1496 2076 AEtaiopee
1512 2015 1635 2069 edd.
1659 2020 1793 2064 vett.
1843 2012 2234 2077 AEtltiopasvet.
2257 2010 2426 2062 Liviu.
2451 2011 2645 2074 aliique

433 2077 589 2127 codd.
613 2091 727 2127 cum
752 2079 873 2127 edd.
898 2086 1120 2129 recentt.
1169 2095 1273 2143 quae
1293 2095 1389 2129 aaa
1409 2081 1580 2131 habent
1598 2095 1731 2133 ama
1754 2079 1876 2131 edd.
1901 2087 2034 2128 vett.
2088 2093 2225 2127 arma
2237 2093 2342 2141 quoe
2358 2091 2453 2128 neu
2471 2077 2647 2129 habent

434 2143 557 2192 Vct.
586 2143 753 2192 Liviu-
771 2144 1117 2194 Schwarzian.
1146 2153 1202 2194 et
1224 2144 1452 2208 Guelph.
1509 2147 1660 2201 Mox,
1701 2146 1911 2195 Pmeol.
1942 2144 2251 2194 interneciva.

502 2207 638 2257 Car.
674 2221 844 2258 xvtrr.
879 2213 906 2259 1
944 2212 959 2238 ‘
982 2209 1160 2259 Codex
1200 2219 1376 2259 noster
1407 2211 1586 2268 babet,
1604 2209 1877 2270 fortissimi
1907 2210 2241 2270 Imperatores.
2305 2208 2440 2260 Quae
2476 2206 2638 2258 lectio

434 2277 559 2325 tuuc
582 2272 788 2322 videtur
822 2274 943 2322 huic
978 2276 1095 2325 loco
1134 2289 1444 2338 congruere,
1480 2276 1525 2325 si
1557 2276 1891 2338 respiciamus
1915 2275 2128 2323 verbum
2150 2272 2360 2322 vincitis.
2426 2274 2645 2336 Contra,

417 2334 800 2396 fortunatissimi
823 2338 1034 2388 dicendi
1072 2346 1192 2392 sum
1222 2340 1596 2404 Imperatores,
1623 2342 1665 2390 si
1689 2342 1786 2390 hoc
1808 2338 2023 2393 ἐπίθετον
2044 2338 2108 2387 ad
2131 2337 2423 2397 felicitatem
2446 2338 2643 2388 refera-

434 2416 565 2451 mus.
634 2402 853 2453 Interim
896 2405 1155 2469 sequimur
1198 2406 1476 2457 lectionem
1532 2404 1829 2469 vulgatam?
1875 2405 2217 2455 Scaeam—2
2252 2404 2317 2451 Et
2357 2406 2479 2464 quod
2519 2403 2643 2455 edd.

436 2472 567 2517 vett.
623 2467 696 2519 Et
724 2468 840 2531 qaid,
862 2469 983 2519 Vet.
1006 2471 1236 2520 Putean.
1258 2471 1605 2522 Schwarzian.
1639 2480 1694 2521 et
1718 2471 1840 2522 edd.
1863 2477 2086 2520 reecutt.
2140 2468 2297 2516 hostes
2316 2469 2497 2529 quietos
2521 2470 2649 2518 Vet.

437 2532 609 2585 Livin-
628 2541 682 2581 et
707 2534 848 2588 Erre..
865 2534 1021 2586 Voss.
1075 2536 1250 2587 accisos
1270 2552 1371 2588 esse
1396 2536 1608 2588 Puteal·
1629 2537 1844 2599 Cuspiu-
1870 2535 2105 2585 Rhenau.
2128 2534 2294 2582 Duae.
2319 2533 2482 2583 Livin-
2508 2535 2570 2583 R.
2588 2539 2653 2583 et

437 2596 510 2647 H.
532 2597 715 2662 Steph.
739 2599 912 2649 Rivin.
945 2603 992 2650 1.
1027 2607 1081 2649 et
1112 2602 1177 2649 al.
1202 2608 1332 2653 vett.
1384 2602 1560 2652 otiosos
1579 2617 1679 2653 esse
1703 2604 1827 2651 Vet.
1859 2600 2080 2649 Putesu.
2108 2599 2228 2648 Vet.
2253 2597 2417 2646 Livius
2440 2599 2653 2648 Bertiu.

437 2661 628 2713 Sched.
669 2663 874 2727 Laugii‚
910 2673 967 2714 et
1007 2666 1317 2727 Caspium-3
1353 2666 1525 2717 Codd.
1559 2667 1701 2718 Gud.
1724 2671 1770 2719 1.
1802 2672 1854 2716 2.
1885 2663 2230 2723 Schwarzian,
2252 2671 2309 2712 et
2337 2663 2466 2712 Exc.
2488 2665 2646 2713 Voss.

435 2726 723 2779 laudabilius
737 2744 794 2779 ac
815 2728 995 2781 melius.
1027 2732 1043 2760 ‘
1062 2732 1203 2783 Mira
1227 2734 1528 2795 corruptela
1549 2731 1767 2782 foedavit
1793 2732 1844 2781 iu
1866 2731 1966 2779 hoc
1987 2731 2103 2779 loco
2125 2729 2284 2777 libros
2309 2728 2651 2792 antiquiores,

433 2800 490 2842 et
513 2792 682 2855 ipsum
704 2809 912 2858 quoque
931 2794 1166 2846 codicem
1190 2807 1439 2847 nostrum.
1505 2798 1842 2858 Puteolanus,
1866 2794 2481 2851 Rhenanusffluaceusis,
2501 2793 2647 2843 Hen-

437 2857 574 2907 ricus
613 2857 929 2923 Stephanus,
980 2860 1237 2911 Livineius
1288 2862 1520 2917 edidere,
1561 2863 1768 2912 omnium
1800 2860 2039 2929 homin-um
2071 2857 2344 2916 circumstrt
2375 2856 2652 2909 Barbaria?

436 2921 649 2984 Darnia,
669 2925 752 2972 scd
774 2924 973 2973 invicem
993 2925 1272 2977 dimicaturi
1290 2927 1503 2976 υἰοεηιιιί
1527 2927 1737 2987 barbari,
1753 2928 1835 2988 ξε.
1870 2925 2053 2974 Codex
2076 2932 2252 2972 noster
2271 2922 2450 2986 habet,
2475 2924 2644 2972 Omni·

436 3001 517 3034 um
536 2987 773 3037 hominum
792 2988 1066 3048 circumfert
1088 2989 1308 3040 barbaria
1329 2994 1521 3041 damna.
1590 2992 1688 3041 Sed
1702 2991 1903 3041 invicem
1918 2988 2193 3039 dimicaturi
2208 2987 2424 3036 vicerunt
2440 2988 2648 3038 barbari·

438 3050 780 3116 Cuspinianus
815 3055 997 3105 eadem
1019 3056 1272 3119 prodidit,
1306 3058 1401 3105 nisi
1425 3058 1562 3121 quod
1588 3065 1704 3119 post
1730 3070 1905 3106 vocem
1930 3062 2246 3116 corruptam,
2275 3052 2491 3121 Dav-uia,
2511 3053 2647 3103 inse-

437 3115 545 3165 ruit
570 3118 783 3168 verbum
816 3119 881 3169 ad
912 3121 1221 3171 senteutiam
1245 3122 1557 3185 explendam
1582 3121 1952 3180 necessarium,
1974 3123 2281 3169 concurrunt.
2346 3117 2502 3165 Teste
2527 3118 2649 3181 Lip-

439 3181 516 3229 sio
541 3182 762 3246 Epistol.
779 3185 984 3236 Quaest.
1018 3199 1056 3234 1.
1083 3190 1167 3245 22.
1202 3187 1420 3237 Divaeus
1456 3202 1522 3237 ex
1551 3187 1782 3250 vestigiis
1814 3184 2124 3234 Viennensis
2159 3181 2278 3232 libri
2310 3181 2536 3232 restituit
2562 3196 2648 3233 ve·

439 3245 629 3297 riorem
654 3248 943 3298 lectionem.
1009 3250 1108 3299 Sed
1147 3258 1202 3301 et
1241 3252 1523 3314 Livineius,
1546 3253 1597 3301 in
1632 3253 1790 3308 notis,
1824 3251 1935 3300 haec
1970 3248 2201 3298 breviter
2232 3255 2643 3298 courmentatnrt

439 3309 456 3339 ‘
474 3311 745 3361 Sententia
766 3311 904 3361 foede
925 3322 1190 3378 corrupta,
1213 3331 1329 3380 quae
1364 3318 1415 3366 in
1447 3317 1508 3366 L.
1536 3317 1597 3382 (i.
1621 3332 1669 3367 e.
1692 3317 1745 3366 in
1770 3314 1946 3366 Caroli
1972 3313 2149 3376 Langii
2173 3313 2403 3375 schedis)
2423 3314 2650 3376 integra.

437 3375 529 3425 Sic
559 3377 719 3439 igitur
743 3377 812 3426 ibi
835 3377 1085 3429 scribitur
1104 3395 1127 3428 z·
1142 3383 1382 3432 hominum
1400 3397 1481 3430 ore
1501 3383 1866 3443 circumeam-.-
1896 3379 2086 3431 barbari
2107 3379 2171 3430 ad
2191 3393 2325 3427 arma
2349 3384 2651 3440 concurrunt,

441 3442 749 3491 sed‘invicem
765 3443 1059 3494 dimicaturi.
1124 3446 1288 3497 Vicere
1308 3447 1518 3503 barbari,
1535 3447 1638 3510 ec?
1695 3447 2010 3499 Restitutam
2035 3443 2195 3508 igitur
2216 3443 2348 3493 hanc
2370 3444 2646 3493 lectionem

439 3505 735 3561 asciverunt
758 3507 1037 3570 Gruterus,
1062 3509 1348 3574 Puteanus,
1384 3514 1463 3561 De
1488 3513 1534 3561 la
1559 3514 1760 3572 Eamne,
1792 3511 2057 3565 cellarius,
2094 3518 2150 3557 et
2173 3508 2405 3557 Patarol.
2472 3510 2650 3558 Facile

442 3578 617 3621 autem
641 3572 694 3621 in
718 3573 840 3637 ipsis
861 3574 1061 3624 mendis
1086 3576 1466 3626 animadvertas
1490 3579 1714 3641 vestigia
1736 3576 1965 3626 melioris
1988 3573 2246 3624 lectionis.
2314 3573 2488 3633 Inepti
2512 3574 2649 3624 enim

442 3637 640 3687 librarii
677 3639 902 3688 omnium
949 3641 1173 3691 maxime
1210 3656 1492 3705 corrupere
1535 3641 1626 3691 bas
1655 3657 1831 3697 voces,
1867 3639 2060 3690 barbari
2091 3641 2157 3688 ad
2187 3652 2321 3687 arma
2344 3644 2649 3690 concurrunt.

442 3701 621 3753 Primo
656 3704 794 3754 enim
826 3705 1057 3756 divisere
1088 3708 1509 3772 prepositionem
1531 3709 1614 3771 ad,
1633 3709 1778 3770 cujus
1802 3707 2029 3769 priorem
2059 3704 2265 3753 literam
2295 3719 2326 3752 a
2359 3705 2650 3765 agglutina-

443 3781 565 3819 vere
602 3770 935 3821 antecedenti
973 3772 1088 3821 voci
1126 3773 1335 3837 barbari,
1371 3775 1507 3824 uude
1539 3774 1733 3838 prodiit
1766 3772 2022 3830 barbaria3
2045 3770 2260 3819 alteram
2286 3768 2488 3820 literam
2511 3772 2544 3819 d
2568 3785 2648 3819 re-

445 3833 613 3885 tulere
646 3835 712 3885 ad
744 3843 1049 3901 sequentem
1081 3852 1259 3890 vocem
1279 3852 1434 3904 arma,
1457 3840 1510 3889 in
1533 3855 1635 3904 qua
1657 3840 1858 3893 literam
1874 3852 1941 3901 m,
1962 3850 2057 3901 pro
2073 3849 2105 3884 n
2124 3834 2230 3893 eti,
2247 3833 2493 3894 habuere,
2512 3835 2651 3887 unde

1434 3983 1651 4037 NOTAE

506 4086 533 4122 «Ι
565 4076 842 4141 AEtkiopas]
874 4076 1136 4143 AEthiopia
1161 4078 1386 4147 duplex3
1420 4094 1505 4132 su·
1585 4078 1853 4147 Abysrtus:
1887 4078 2072 4135 altera,
2091 4091 2207 4141 quae
2228 4074 2452 4141 antiquis
2474 4075 2657 4138 ignota

444 4154 621 4220 perior
650 4159 707 4203 et
733 4152 965 4204 inferior.
1031 4155 1134 4205 Illa
1159 4157 1255 4207 sub
1277 4157 1507 4223 AEgypto
1585 4156 1704 4215 fnit,
1758 4157 1896 4207 ultra
1938 4154 2274 4219 AEquatorem
2328 4152 2652 4216 extenditur,

444 4232 585 4284 inter
610 4231 789 4282 Nilum
812 4236 868 4282 et
891 4230 1071 4282 Sinum
1094 4229 1378 4285 Arabicum
1396 4229 1509 4299 3'1es
1589 4232 1678 4286 ubi
1699 4245 1839 4285 nuuc
1861 4231 2211 4293 Mammium,
2237 4229 2419 4292 Congo,
2440 4230 2538 4279 &c.
