3084 4959
903 343 1235 395 summo
1285 343 1465 394 Auo.
1542 344 1651 393 xl.
1697 330 1803 395 30.
2281 334 2456 400 1⁵37

1016 490 1037 517 5

258 499 281 532 ‘
300 492 550 561 Consul
580 490 1012 574 amplissime.
1108 489 1271 555 Sum
1303 488 1504 573 plane
1530 492 1600 553 et
1621 488 1880 568 consul,
1899 496 1967 557 et
1996 492 2454 576 amplissimus

257 596 517 662 consul.
608 593 784 675 Quis
829 594 1008 658 enim
1052 612 1158 657 me
1192 591 1320 657 fuit
1355 592 1643 674 amplior
1678 595 1969 658 consul?
2015 614 2212 679 quem
2243 598 2457 662 subli-

252 683 434 775 inat,j
495 701 561 762 et
606 697 901 762 illustrat
945 695 1366 771 consulatuS,
1411 715 1615 779 quem
1673 677 1986 772 tribuisti,
2048 699 2453 783 amplitudo,

252 820 449 887 quam
482 798 745 865 tribuis.
817 798 879 865 6.
928 798 1104 864 Post
1122 799 1355 881 primae
1377 799 1811 864 salutationis
1834 797 2061 866 fausta
2084 802 2456 887 colloquia,

253 903 415 989 quid
449 922 570 986 pro
589 902 739 987 jure
769 901 1106 968 consulari
1138 920 1335 983 agere
1358 901 1558 966 nobis
1584 901 1871 984 placeat,
1901 902 2309 980 sciscitatur,
2354 926 2455 970 se·

249 999 577 1071 natorium
607 1004 1004 1088 impleturus
1050 1001 1367 1079 officium,
1409 1003 1469 1067 si
1498 1001 1712 1067 libeat
1744 1002 2031 1067 tribunal
2062 1001 2344 1086 petere,¹‘
2391 1007 2452 1071 si

253 1108 639 1174 concionem
678 1106 1041 1184 advocare,
1086 1108 1145 1171 si
1192 1113 1405 1172 rostra
1444 1104 1915 1170 conscendere.
2003 1105 2140 1170 Sed
2192 1126 2316 1171 nos
2367 1091 2457 1172 ad

251 1210 504 1276 curiam
565 1210 863 1276 solennia
919 1208 1122 1294 hujus
1181 1208 1318 1273 diei
1384 1216 1663 1283 senatus
1719 1209 2034 1273 consulta
2092 1209 2453 1275 ducebant.

250 1314 316 1379 ¹7.
361 1311 600 1396 Itaque
646 1311 1070 1377 se·comitem
1122 1310 1349 1376 statim
1399 1310 1679 1394 praebet,
1723 1318 1814 1388 et,
1865 1317 2223 1396 utrumque
2276 1314 2454 1378 latus

252 1415 648 1480 consulibus
679 1415 1097 1498 praetextatis
1115 1421 1364 1491 tectus,
1388 1413 1662 1485 incedit,
1685 1432 1816 1477 non
1839 1414 2118 1479 multum
2141 1414 2454 1480 differens

252 1533 294 1584 a
315 1518 819 1601 magistratibus
841 1518 985 1583 suis
1016 1525 1087 1585 et
1115 1537 1358 1600 genere
1380 1523 1449 1582 et
1477 1517 1702 1582 colore
1730 1516 2043 1581 vestitus.

338 1620 518 1686 cu.
562 1636 766 1686 xxx.
841 1620 905 1684 1.
950 1619 1374 1704 Superfluum
1412 1618 1581 1683 forte
1622 1619 1950 1698 videatur,
1982 1639 2136 1703 quae
2167 1628 2459 1688 vosmet·

250 1717 387 1809 ipsi
417 1725 712 1803 vidistis,
740 1726 1024 1805 iterare;
1080 1744 1292 1810 neque
1314 1724 1493 1790 enim
1516 1722 1794 1788 auribus
1817 1730 2250 1808 expetuntur,
2294 1746 2453 1809 quae

249 1828 502 1892 fuerint
546 1834 872 1911 usurpata
918 1827 1334 1892 luminibus:
1402 1826 1523 1891 sed
1577 1826 1956 1891 mandanda
2008 1833 2166 1893 sunt
2214 1828 2458 1907 literis,

248 1931 606 1997 inserenda
650 1930 1121 2008 monumentiS‚
1172 1929 1500 1994 mittenda
1537 1928 1608 1992 in
1647 1934 1958 2011 posteros
1988 1931 2285 1994 venturis
2328 1951 2454 1996 sae-

250 2035 423 2099 culis
464 2035 583 2098 vix
626 2032 962 2098 credenda
1003 2032 1346 2098 miracula.
1432 2029 1498 2095 2.
1544 2030 1757 2096 Peene
1801 2031 1982 2095 intra
2017 2033 2207 2117 ipsas
2253 2033 2453 2099 Pala-

248 2138 411 2202 tinae
460 2137 699 2201 domus
751 2135 990 2202 valvas
1035 2135 1312 2200 lecticas
1374 2133 1766 2200 consulares
1816 2134 2025 2219 jussit
2080 2135 2341 2216 inferri3
2388 2145 2458 2201 et

249 2260 426 2317 cum,
467 2240 704 2304 honori
732 2238 880 2323 ejus
908 2238 1445 2322 venerationique
1484 2237 1823 2316 cedentes,
1865 2238 2077 2304 sedile
2115 2239 2282 2304 illud
2313 2240 2454 2324 dig-

247 2342 475 2408 nitatis
520 2341 960 2426 amplissimae
1005 2358 1488 2418 recusaremuS‚
1536 2339 1679 2404 suis
1722 2358 1933 2423 prope
1974 2360 2098 2406 nos
2146 2343 2456 2408 manibus

248 2442 631 2529 impositoS,
674 2444 935 2510 mixtus
973 2443 1218 2528 agmini
1249 2449 1649 2525 togatorum,
1698 2443 1939 2528 praeire
1969 2443 2183 2527 pedes
2215 2441 2459 2531 coepit.

1163 2606 1225 2629 OG

1440 2606 1530 2629 000

232 2708 421 2770 jubeat.
487 2706 624 2757 Edd.
663 2715 795 2759 vett.
830 2717 888 2759 et
923 2709 1095 2760 Rivin.
1128 2710 1273 2774 plane
1299 2711 1457 2759 consul
1470 2725 1489 2767 ,-
1522 2708 1755 2773 Gnelpb.
1782 2708 1984 2760 Bertin.
2008 2709 2458 2759 Emechonhov.
2558 2733 2562 2742 ·

249 2775 464 2836 Cuspin.
484 2774 642 2823 Grut.
666 2783 721 2825 et
745 2782 970 2825 recentt.
995 2777 1135 2838 plane
1156 2781 1205 2825 et
1224 2777 1498 2825 concub—6
1532 2775 1767 2824 Rhenan.
1789 2775 1972 2838 Steph.
1998 2774 2172 2824 Rivin.
2197 2779 2244 2823 l.
2262 2775 2459 2834 [πιεῖν-α

244 2838 476 2901 colloquia
489 2853 509 2897 ,⁸
545 2840 711 2889 Livin.
744 2839 911 2900 frusta
947 2841 1208 2904 colloquia3
1259 2843 1379 2890 Vet.
1420 2841 1646 2890 Putean.
1681 2839 1817 2899 salsa
1846 2842 1937 2889 col.
1983 2840 2050 2889 al.
2092 2855 2179 2904 ap.
2225 2841 2461 2889 Rhenan-

232 2905 403 2966 sruita
422 2905 510 2952 col.
545 2906 612 2953 al.
636 2904 951 2970 ap-.Aeidal.
968 2905 1139 2965 fructa
1158 2908 1246 2955 col.
1280 2906 1521 2957 vatican.
1544 2906 1672 2954 Ver.
1706 2905 1872 2953 Lirin.
1907 2905 2112 2954 Bertin.
2136 2905 2268 2954 Exc.
2290 2905 2458 2968 Lang.

243 2972 381 3024 Exc.
399 2970 693 3022 Sebonhov.
717 2970 945 3033 Guelpb.
965 2971 1184 3035 Cuspin.
1209 2971 1273 3020 P.
1299 2971 1483 3035 Steph.
1516 2978 1571 3019 et
1603 2976 1821 3020 recentt.
1843 2969 2012 3029 fausta
2031 2970 2280 3032 colloquia.
2349 2971 2457 3020 Pro

242 3036 556 3092 senatorium,
580 3037 805 3100 Guelpb.
830 3037 987 3088 babet
1008 3041 1263 3087 seniorum.
1332 3036 1477 3086 Idem
1518 3035 1683 3085 codex
1724 3049 1862 3090 mox,
1905 3040 2069 3098 petere
2100 3034 2457 3084 concionem...

243 3103 311 3154 sn·
330 3117 434 3162 nos,
454 3104 536 3165 ξε.
601 3106 618 3130 ⁶
645 3099 828 3152 Male.'
860 3099 1033 3150 Arutz.
1097 3103 1169 3149 «ια’
1179 3102 1389 3150 solennia
1411 3100 1509 3151 diei
1530 3100 1672 3162 hujus
1693 3099 2018 3162 Guelph.-⁷
2055 3099 2222 3164 Itaque
2242 3100 2459 3153 comitem

241 3183 296 3217 se
334 3168 539 3216 Bertin.
571 3173 733 3217 utrum
766 3167 895 3216 latus
932 3166 1169 3216 Rhenan.
1215 3166 1284 3215 H.
1308 3167 1490 3231 Stepb.
1527 3174 1581 3215 et
1619 3166 1795 3216 Rivin.
1820 3170 1866 3214 l.
1899 3170 2160 3228 utrumque-
2180 3167 2308 3214 latus
2332 3166 2461 3214 Vet.

242 3233 474 3286 Putean.
507 3235 779 3282 consulatus
808 3232 1114 3295 praetextatis
1135 3230 1252 3280 edd.
1277 3241 1399 3282 ante
1423 3232 1656 3281 Patarol.
1689 3232 1964 3280 conctactus
1981 3236 2301 3293 praetextatus
2319 3229 2459 3280 Gud.

243 3306 302 3347 et
326 3298 513 3349 Faber.
539 3298 673 3349 Vide
698 3300 848 3348 Nott.
869 3297 1020 3347 Varr.
1049 3297 1280 3362 differens
1310 3298 1462 3347 animi
1481 3295 1890 3359 magnitudinibus
1908 3297 2010 3344 sui-r
2037 3295 2262 3359 Guelpb.
2297 3301 2345 3348 et
2371 3311 2458 3357 gc-

243 3377 360 3411 nere
385 3363 571 3413 desunt
595 3365 646 3414 in
671 3363 811 3414 Gud.
837 3363 1066 3413 Rhenan.
1099 3363 1171 3412 H.
1204 3363 1385 3427 Stepb.
1422 3364 1589 3411 Livin.
1623 3362 1793 3411 Rivin.
1821 3369 1874 3410 et
1899 3362 1965 3410 al.
1992 3368 2122 3412 vett.
2146 3376 2214 3410 ea
2245 3368 2458 3410 tuentur

243 3428 455 3479 Bet-tin.
478 3429 654 3481 Moerl.
681 3430 808 3479 Exc.
834 3428 1124 3479 Schonbov.
1147 3428 1364 3493 Cuspin.
1390 3428 1451 3478 P.
1475 3429 1656 3490 Stepb.
1680 3435 1735 3477 et
1756 3432 1987 3478 recentt.

316 3493 451 3543 Car.
498 3506 637 3544 xxx.
693 3499 719 3543 1
757 3495 963 3544 Bel-tin.
1003 3493 1190 3544 iterari.
1246 3495 1263 3521 ⁴
1297 3495 1439 3557 Lege
1481 3495 1694 3554 vidistis,
1736 3491 1948 3542 iterare!
2003 3490 2206 3540 Acidal.
2257 3492 2274 3520 ⁸
2311 3490 2455 3540 Male

245 3556 476 3620 Guelpb.
510 3574 613 3620 quoe
648 3558 863 3608 nosmet!
891 3560 1078 3610 Arntz.
1134 3574 1240 3623 quoe
1263 3557 1469 3619 fuerunt
1489 3559 1786 3622 hegen—2
1824 3557 1957 3606 Edd.
1987 3562 2109 3606 ante
2148 3547 2329 3605 Arntz.
2371 3570 2459 3604 nos

237 3636 392 3686 prope
412 3623 663 3681 manibus3
700 3623 901 3672 Berlin.
925 3624 1145 3672 manibus
1162 3639 1304 3686 prope
1330 3639 1418 3673 nos
1430 3641 1451 3684 ,·
1486 3631 1501 3653 ‘
1518 3624 1747 3686 Guelpb.
1766 3637 1909 3686 prope
1931 3636 2017 3673 uos
2044 3621 2257 3673 manibus
2271 3637 2290 3679 ;
2317 3622 2457 3684 quod

239 3687 459 3751 placet?
499 3686 676 3738 Arntz.
726 3688 907 3738 mixtos
941 3687 1126 3750 agmini
1169 3688 1397 3750 Gnelph.
1452 3689 1593 3753 coepit
1624 3690 1769 3752 pedes
1809 3687 1930 3735 edd.
1966 3691 2097 3735 vett.
2139 3687 2280 3748 pedes
2314 3686 2455 3749 coepit

243 3753 374 3803 Vet.
398 3754 621 3804 Putean.
643 3754 850 3803 Bertin.
873 3753 1101 3818 Guelpb.
1140 3752 1157 3779 ‘
1176 3752 1313 3819 quod
1342 3753 1409 3803 ob
1432 3755 1586 3804 codd.
1613 3767 1914 3803 consensum
1941 3750 2179 3801 restitui)
2218 3750 2458 3800 Arm.—

1158 3897 1162 3902 ’
1244 3882 1463 3934 No'rAE

242 3987 259 4015 ⁸
288 3983 500 4035 habitus
524 3983 631 4034 oris
653 3979 670 4007 ’
709 3980 847 4048 apud
883 3982 1151 4033 Lucanum
1183 3949 1317 4031 dici·
1457 3978 1481 4015 k
1519 3981 1750 4032 Tribunal
1778 3980 1962 4046 petere]
1997 3980 2143 4032 Nota
2167 3978 2311 4028 varia
2335 3993 2459 4029 con-

244 4070 353 4110 tur.
1397 4059 1564 4109 sulum
1587 4056 1777 4118 officia,
1800 4056 2028 4107 tribuna!
2051 4062 2247 4120 petere,
2283 4056 2457 4110 conci·

310 4134 329 4181 J
361 4136 622 4202 Sublimat]
656 4119 898 4187 Extollit.
942 4135 1062 4187 Vox
1083 4136 1236 4187 Ennii
1260 4141 1316 4185 et
1396 4150 1548 4186 onem
1573 4135 1850 4198 advocare,
1885 4144 2055 4183 rostra
2080 4132 2457 4194 conscendere,

243 4213 427 4268 Nonii.
1396 4213 1447 4263 in
1492 4214 1640 4263 curia
1675 4221 1885 4263 senatus
1928 4212 2165 4261 consulta
2199 4207 2455 4274 proferres

379 4298 556 4361 Delph.
579 4304 627 4347 et
674 4297 788 4348 Var-
815 4299 946 4394 Cha-r..
1207 4296 1397 4360 Paneg.
1424 4295 1531 4346 Vct.
2213 4297 2243 4339 5
2279 4290 2325 4340 Ε
