3084 4959
1007 356 1122 403 m..
1170 354 1493 404 cLAunu
1541 355 1884 404 sumn-u.
2373 347 2547 419 1493

341 503 537 567 batos
565 505 827 565 movet:
878 516 960 564 ac
989 499 1277 582 primum
1310 514 1475 565 vm.
1505 497 1669 567 Kal.
1697 498 1924 567 Julius
1968 498 2540 582 Augustodunum

340 604 661 689 pervenit,
696 621 851 669 cnm
896 600 1457 685 cataphractariis
1497 601 1668 666 solis
1707 607 1777 669 et
1812 602 2188 671 balistariis
2216 603 2547 673 Autosio-

340 706 576 783 dorum
609 710 679 770 et
704 703 1066 771 Tricassas
1095 703 1467 785 derepente
1498 710 1817 787 occupat.
1909 704 2080 771 Inde
2112 726 2231 790 per
2258 705 2546 787 Remos,

339 809 454 875 ubi
485 810 570 875 ab
604 806 906 873 Ursicini
935 825 1327 873 successore
1372 805 1704 875 Marcello
1749 814 1961 890 atque
2007 808 2179 877 adeo
2226 808 2548 881 Ursicino

337 912 491 995 ipso
515 930 668 975 cum
697 916 847 975 toto
871 909 1179 977 exercitu
1204 910 1723 993 expectabatur,
1749 910 1836 977 ad
1866 911 2339 995 Decempagos
2365 911 2549 988 Rhe,-

337 1002 632 1097 numque
662 1018 1002 1096 properat,
1034 1012 1150 1078 ubi
1183 1011 1690 1095 Brotomagum,
1715 1011 2033 1090 (Alsatiae
2080 1016 2306 1083 urbem
2344 1015 2549 1089 hodic

216 1186 217 1195 ,
342 1112 605 1195 Brumt)
627 1115 1004 1193 Tabernas,
1036 1114 1403 1192 Alisonem,
1436 1114 1765 1188 Nemetas
1795 1116 1938 1185 sive
1969 1116 2263 1202 Spin-am,
2291 1117 2546 1202 Vangi-
2637 1130 2644 1139 ·

338 1238 530 1296 onas,
564 1219 764 1287 hodie
823 1215 1082 1295 Womm,
1126 1224 1198 1282 et
1241 1216 1662 1300 Mogontiam
1711 1219 1972 1302 recipit.
2064 1218 2272 1287 Nullo
2317 1220 2547 1305 itaque

337 1330 497 1407 post
525 1323 654 1387 hac
683 1330 1123 1406 repugnante,
1143 1325 1566 1404 occupatam,
1583 1325 1661 1387 ut
1689 1321 1878 1387 aiunt
1894 1320 2296 1389 Ammianus
2319 1328 2387 1388 et
2403 1322 2547 1388 Jul.

202 1466 208 1477 ,
336 1423 469 1508 Ep.
502 1426 589 1493 ad
615 1425 690 1493 S.
718 1425 803 1491 P.
837 1423 927 1503 Q.
967 1422 1216 1488 Athen.
1246 1431 1409 1493 ante
1458 1443 1720 1489 menses
1748 1422 1860 1487 lo.
1887 1444 1929 1489 a
1959 1423 2269 1493 barbaris
2302 1423 2548 1510 Agrip-

336 1530 593 1613 pinam,
634 1529 821 1593 circa
857 1527 1281 1611 Septembris
1300 1525 1498 1596 finem
1538 1532 1906 1614 recuperat,
1948 1527 2213 1595 territos
2246 1528 2548 1599 Francos

339 1630 427 1696 ad
454 1652 688 1717 pacem
739 1629 1105 1715 petendam
1156 1630 1387 1713 adigit.
1479 1633 1502 1664 ‘
1533 1626 1807 1708 Quibus
1845 1629 2160 1695 vincendi
2192 1631 2546 1716 principiis

335 1735 531 1800 laetus
562 1733 899 1810 Julianus,
945 1752 1063 1816 per
1106 1730 1442 1797 Treveros
1485 1731 1724 1816 transit
1753 1730 2183 1814 hyematurus
2213 1734 2397 1816 apud
2425 1734 2544 1800 Se-

334 1855 571 1914 nonaS‚
601 1834 933 1919 oppidum
961 1841 1125 1900 tunc
1156 1832 1656 1918 opportunum?
1742 1832 1859 1898 Ita
1894 1832 2306 1899 Ammianus.
2398 1836 2543 1905 Hic

329 1940 895 2025 potentissimum,
914 1942 993 2004 ut
1013 1939 1164 2021 ipse
1189 1939 1286 2001 ait
1301 1935 1431 2022 Ep.
1451 1938 1538 2003 ad
1558 1936 1632 2002 S.
1657 1937 1739 2002 P.
1760 1935 1848 2016 Q.
1892 1935 2145 2003 Athen.
2174 1940 2543 2007 exercitum

333 2042 487 2127 ipse
516 2060 669 2106 cum
698 2041 941 2124 paucis
966 2040 1319 2120 militibus,
1349 2060 1504 2106 cum
1533 2040 1697 2105 nihil
1722 2029 1962 2105 'anxilii
1979 2041 2111 2106 sibi
2140 2061 2185 2106 a
2214 2040 2543 2110 Marcello

334 2144 655 2226 magistro
700 2144 1011 2228 equitum
1053 2146 1447 2222 mitteretur,
1484 2151 1649 2228 post
1676 2151 2090 2208 menstruam
2118 2145 2541 2212 obsidionem

333 2246 643 2330 dissipat.
730 2245 828 2310 At
858 2244 1225 2337 Marcellus
1252 2246 1742 2324 Mediolanum,
1771 2247 1889 2312 ubi
1921 2246 2362 2313 Constantius
2391 2268 2538 2314 ver·

334 2351 630 2430 sabatur,
659 2356 737 2415 ut
763 2350 926 2417 facti
955 2350 1060 2415 sui
1088 2350 1388 2416 redderet
1427 2351 1759 2416 rationem
1805 2357 2150 2429 evocatus,
2182 2351 2539 2418 abdicatur

332 2453 632 2537 imperio,
662 2460 734 2517 et
768 2451 1144 2530 Sardicam,
1175 2473 1328 2537 quae
1375 2454 1594 2538 patria
1631 2453 1779 2538 ejus
1824 2460 1992 2532 erat,
2021 2454 2398 2538 ablegatur,
2425 2476 2534 2521 ea*

334 2555 483 2619 dem
514 2556 718 2639 epist.
749 2555 838 2653 ad
861 2554 932 2619 S.
961 2555 1045 2620 P.
1080 2553 1171 2635 Q.
1205 2554 1453 2622 Athen.

416 2756 712 2825 A.U.C.
748 2775 936 2824 mcx.
981 2756 1231 2823 Christi
1264 2772 1594 2821 cccnvu.
1638 2744 2023 2821 Constantii
2054 2755 2236 2837 Aug.
2270 2772 2445 2820 xxr.

1045 2861 1557 2929 hliuniffltat.
1592 2874 1837 2925 xxvi..
2035 2874 2040 2881 ·

418 2980 602 3045 Dum
629 2980 944 3046 Julianus
973 2981 1213 3046 iterum
1260 2980 1498 3046 consul
1549 3000 1703 3062 sese
1747 2988 1977 3045 contra
2008 2968 2387 3045 Germanos
2416 2995 2528 3042 ac·-

328 3085 560 3167 cingit,
591 3084 988 3168 Lugdunum
1020 3087 1106 3149 ab
1135 3086 1225 3148 iis
1252 3082 1611 3157 invaditur,
1638 3081 1817 3148 unde
1855 3092 2079 3147 tamen
2108 3081 2287 3147 haud
2316 3081 2530 3145 multo

326 3196 486 3272 post
527 3188 979 3273 expelluntur.
1067 3187 1257 3252 Idem
1286 3188 1460 3252 Tres
1486 3187 1857 3264 Tabernas,
1886 3187 2360 3250 munimentum
2402 3183 2528 3249 Ar-

329 3299 673 3372 gentorato
721 3292 1126 3375 proximum,
1171 3291 1259 3354 ad
1296 3289 1557 3372 Vogesi
1603 3289 1892 3367 radiceS‚
1945 3308 2079 3352 non
2128 3289 2227 3353 ita
2270 3287 2527 3371 pridem

330 3394 745 3471 subversum,
777 3394 1145 3473 instaurat3
1190 3399 1444 3478 septem
1479 3392 1688 3457 totius
1719 3388 2101 3457 Germaniae
2133 3390 2528 3475 potentissi-

329 3513 497 3577 mos,
522 3488 729 3578 regeS,
779 3496 1414 3570 Chonodomarium,
1455 3492 1925 3578 Vestralpum,
1976 3493 2237 3568 Urium,
2271 3492 2525 3556 Ursici-

328 3617 512 3675 num,
553 3597 1019 3681 Serapionem,
1068 3597 1516 3685 Suomarium,
1556 3603 1626 3661 et
1660 3596 2054 3681 Hortarium
2098 3614 2232 3658 una
2275 3594 2528 3676 ingenti

326 3696 856 3782 difficillimoque
901 3699 1144 3783 praelio
1187 3699 1503 3782 profligat
1544 3700 1612 3763 in
1645 3699 1906 3782 campis
1952 3696 2525 3779 Argentoratensi-

324 3803 479 3871 bus.
542 3798 704 3869 Vid.
757 3801 1099 3869 Ammian.
1163 3800 1487 3869 Julianus
1546 3803 1863 3886 captivos
1915 3803 2088 3865 bene
2134 3799 2385 3865 multos
2436 3798 2526 3881 ad

325 3904 797 3973 Constantium
827 3905 1056 3978 mittit,
1086 3905 1204 3989 qui
1252 3924 1480 3972 eorum
1527 3906 1755 3989 specie
1794 3911 1863 3968 et
1891 3903 2344 3986 magnitudine
2370 3921 2521 3988 perg-

322 4005 562 4075 culsus
591 4011 719 4073 est.
807 4010 829 4039 ‘
859 4005 970 4073 Ex
1000 4004 1355 4075 Alamanis
1385 4004 1538 4073 sex'
1566 4012 1729 4089 (non
1758 4007 1867 4072 60.
1895 4014 1972 4071 ut
1993 4006 2169 4072 male
2201 4007 2297 4071 ait
2324 4005 2522 4072 Zosi-

321 4113 503 4188 mus)
530 4109 783 4179 ‘millia
825 4128 1187 4195 corporum
1216 4120 1563 4181 numerata
1590 4115 1746 4179 sunt
1779 4111 1848 4175 in
1882 4130 2125 4194 campo
2167 4117 2521 4193 prostrata,

320 4220 391 4282 ct
412 4213 926 4301 inaestimabiles
957 4220 1367 4289 mortuorum
1399 4215 1620 4285 acervi
1643 4214 2000 4300 petundas
2029 4212 2324 4279 fluminis
2352 4212 2516 4295 fere}
