3084 4959
714 431 732 455 „
774 384 954 439 viu
1005 382 1340 438 sunem!
1371 352 1436 436 'K
1482 388 1549 436 c:
1593 388 1662 437 e.
1711 387 2190 440 scnwAazro.
2406 358 2579 444 1233

378 533 533 599 nius
561 533 835 599 honoris
867 553 1074 599 causa
1103 533 1374 619 quidem
1397 536 1688 620 accepit,
1712 535 1883 602 etin
1911 535 2175 620 accepti
2206 534 2578 604 rationibus

378 626 813 722 perscripsit3
859 635 977 700 sed
1009 636 1352 721 deincepS,
1381 638 1710 722 peculiari
1740 639 2042 705 oratione
2068 637 2328 717 habita,
2353 658 2397 705 a
2425 639 2580 708 Cae-

380 758 531 804 sare
553 730 778 821 petiit,
809 746 883 802 ut
912 739 1045 803 sibi
1073 738 1311 804 liceret
1339 740 1503 804 illud
1544 740 1769 827 ipsum
1813 741 2130 806 salarium
2163 741 2400 825 patriae
2429 744 2583 811 sud

377 841 742 924 expensum
775 840 1035 917 referre,
1084 849 1292 926 atque
1320 843 1778 909 instaurandis
1812 843 2262 910 AEduensium
2295 842 2578 921 scholis,

376 961 550 1027 quas
581 941 962 1008 Maenianas
992 951 1223 1023 vocat,
1255 944 1604 1009 destinare.
1697 945 1892 1011 Nihil
1933 947 2195 1025 attinet,
2241 947 2377 1012 hoc
2420 949 2574 1014 loco

375 1063 914 1123 commemorare,
959 1064 1387 1111 numerosam
1447 1048 1756 1113 sobolem
1802 1047 2013 1112 fuisse
2061 1049 2436 1117 Eumenioz
2503 1053 2577 1117 iu

375 1146 604 1229 capite
630 1147 800 1212 enim
831 1147 1066 1214 ultimo
1100 1148 1520 1235 Panegyrici,
1552 1170 1750 1235 quem
1796 1150 2237 1217 Constantino
2270 1151 2574 1236 Augusto

376 1247 574 1326 dixit,
627 1249 781 1315 huic
824 1250 1075 1315 liberos
1123 1270 1285 1316 suos
1340 1253 1636 1337 quinque
1688 1253 2221 1334 commendavit3
2294 1274 2573 1339 quorum

317 1379 323 1391 ¹
374 1368 547 1416 unus
567 1351 710 1436 jam
746 1371 1009 1416 summa
1038 1352 1187 1416 fisci
1218 1354 1590 1436 patrocinia
1631 1354 1948 1419 tractarit.
2036 1355 2364 1439 Equidem
2393 1359 2572 1426 huuc

371 1454 700 1538 rhetorem
746 1456 876 1520 sibi
907 1455 1215 1522 vendicat
1259 1457 1495 1521 civitas
1524 1456 1992 1538 Cliviensium,
2030 1460 2145 1543 qui
2191 1461 2406 1526 adhuc
2458 1482 2571 1529 os-

375 1566 635 1626 tentant
660 1564 952 1627 statuam
986 1559 1469 1642 tripedaneam,
1496 1579 1697 1644 quam
1729 1559 2040 1628 Eumeuii
2069 1561 2392 1628 Rhetoris
2422 1584 2571 1630 esse

374 1663 658 1728 tradunt.
750 1661 966 1746 Cujus
996 1667 1237 1727 statuae
1271 1662 1629 1744 imaginem
1658 1681 1790 1727 non
1822 1668 2079 1728 tantum
2115 1664 2294 1748 apud
2323 1665 2572 1734 Tesse-

370 1764 711 1831 m'akerum
741 1764 1220 1830 iu'Annalibus
1249 1762 1513 1843 cliviae,
1561 1772 1632 1830 et
1671 1764 1855 1848 apud
1902 1766 2194 1831 Frisium
2247 1769 2318 1832 iu
2359 1788 2569 1854 opus-

369 1869 523 1934 culo
570 1868 888 1933 Balduini
941 1867 1027 1932 de
1085 1866 1341 1932 Calceo
1395 1886 1549 1951 cap.
1605 1867 1715 1931 12.
1776 1867 1899 1932 sed
1948 1868 2157 1933 etiam
2214 1871 2400 1954 apud
2453 1871 2569 1939 Jo.

371 1970 737 2036 Braunium
765 1972 832 2035 in
861 1969 1238 2035 Comment-
1284 1969 1368 2033 de
1414 1966 1695 2034 Vestitu
1739 1969 2178 2035 Sacerdotum
2233 1972 2571 2041 Hebraeo·

368 2092 540 2149 rum,
570 2090 724 2156 pag.
751 2072 903 2138 390.
937 2070 1165 2136 videre
1195 2071 1377 2137 licet.
1461 2069 1595 2136 Cui
1643 2071 1965 2155 opinioni,
2010 2081 2257 2158 praeter
2302 2076 2566 2144 Rhena-

369 2188 548 2253 num,
579 2182 652 2239 et
681 2175 855 2240 alios
887 2175 1236 2260 quosdam,
1267 2174 1572 2258 inprimis
1616 2173 1785 2240 favit
1829 2175 2110 2258 Pighius
2152 2179 2223 2242 in
2267 2179 2566 2246 Hercule

369 2278 707 2357 Prodicio.
795 2278 930 2343 Sed
976 2277 1221 2360 Pighio
1252 2297 1328 2342 se
1366 2276 1514 2361 jam
1555 2279 1879 2362 opposuit
1917 2277 2164 2343 Iustus
2201 2280 2469 2364 Lipsius
2498 2283 2568 2348 in

368 2381 791 2449 Excursibus
821 2382 909 2446 ad
937 2381 1160 2446 Taciti
1192 2381 1436 2446 Annal.
1470 2398 1586 2445 ιιι.
1615 2382 2082 2468 probavitque,
2126 2385 2400 2451 omnino
2430 2385 2564 2456 Eu-

366 2486 656 2551 menium
710 2483 1080 2550 Rhetorem
1139 2483 1610 2568 Augustuduni
1659 2484 1727 2548 in
1777 2484 2028 2563 Gallia,
2078 2506 2211 2550 nou
2271 2507 2428 2554 vero
2475 2488 2566 2553 ad

369 2588 673 2654 Rhenum
708 2586 1101 2673 Cliviopoli,
1131 2588 1507 2654 studiosam
1548 2588 1975 2673 juventutem
2012 2589 2351 2654 docuisse.
2439 2590 2563 2657 At-

367 2711 495 2775 que
543 2689 670 2755 hoc
719 2689 825 2755 vel
873 2709 961 2754 ex
1004 2691 1222 2774 ipsius
1255 2690 1563 2756 Eumenii
1593 2689 2032 2775 Panegyricis
2063 2693 2232 2758 satis
2260 2694 2567 2759 manifes-

366 2800 507 2857 tum
539 2799 689 2874 est3
733 2793 867 2857 nisi
895 2792 1068 2859 forte
1096 2792 1469 2873 credamus,
1500 2793 1899 2858 Eumenium
1913 2792 2059 2877 jam
2087 2777 2242 2859 ante
2270 2793 2565 2861 officium

366 2897 745 2962 Palatinum
794 2894 1034 2963 Cliviis
1077 2896 1506 2962 instituendae
1535 2896 1703 2980 pubi
1731 2916 2018 2963 vacasse
2046 2917 2064 2977 3
2110 2901 2347 2982 postea
2376 2917 2564 2977 vero,

366 3019 584 3085 quam.
600 3001 971 3082 conspicua
1001 2999 1306 3085 magistri
1337 2999 1673 3064 memoriae
1695 2997 2012 3083 dignitate
2035 2999 2302 3063 functus
2322 2998 2560 3074 fuerat,

364 3101 842 3184 Augustoduni
874 3100 1274 3185 professoris
1303 3099 1533 3166 munia
1571 3099 1847 3178 obiisse,
1877 3105 1943 3165 et
1970 3099 2385 3164 sublimioris
2408 3099 2568 3165 doe-

365 3205 551 3269 trinae
582 3211 812 3287 partes
844 3205 1187 3270 docuisse.
1278 3202 1446 3269 Cum
1495 3204 1669 3268 enim
1718 3222 1811 3267 ex
1860 3200 2235 3266 Constantii
2266 3199 2562 3268 Caesaris

364 3307 579 3372 literis
608 3314 858 3391 pateat,
892 3306 1281 3372 Eumenium
1303 3306 1578 3391 jussum
1622 3306 1836 3371 fuisse
1860 3305 2218 3371 oratoriam
2246 3303 2564 3389 professi·
2673 3384 2677 3391 .

361 3428 554 3483 onem
603 3416 934 3494 repetere3
1002 3409 1201 3491 facile
1246 3410 1491 3495 conjici
1543 3414 1797 3494 potest,
1846 3409 2033 3475 illum
2076 3409 2223 3493 jam
2267 3414 2426 3473 ante
2478 3428 2569 3475 ea-
2673 3448 2680 3453 -

361 3517 670 3594 tempora
726 3512 972 3577 alicubi
1028 3512 1097 3579 iu
1158 3513 1523 3598 juventute
1566 3511 1883 3577 docenda
1938 3518 2272 3576 versatum
2330 3509 2563 3575 fuisse.

359 3613 609 3692 Taceo,
641 3615 822 3698 quod
854 3615 1033 3680 idem
1062 3616 1289 3697 colligi
1321 3621 1525 3699 queat
1565 3635 1654 3679 ex
1696 3614 1889 3679 initio
1936 3613 2085 3697 ejus
2130 3609 2561 3695 Panegyrici,

358 3734 749 3800 quanquam
780 3717 863 3782 de
889 3716 1325 3784 Cliviensium
1345 3716 1606 3783 scholis
1632 3706 1799 3780 nihil
1819 3733 2112 3797 usquam
2135 3718 2569 3778 memoratur.

360 3817 695 3898 Ceterum,
728 3840 814 3885 an
849 3821 973 3886 illa
1004 3841 1161 3887 vera
1202 3825 1452 3896 statua,
1498 3824 1570 3883 et
1618 3818 1845 3898 imago
1887 3814 2195 3879 Eumenii
2234 3812 2560 3881 Rhetoris

360 3923 474 4001 sit,
534 3943 739 4008 quam
798 3926 1139 3988 ostentant
1184 3921 1410 3999 Clivii,
1449 3920 1597 4006 jam
1645 3939 1774 3985 non
1832 3917 2123 4001 disputo.
2214 3916 2441 4001 Negat
2486 3918 2559 3984 id

276 4011 282 4019 ’
357 4025 683 4109 Lipsius;
744 4033 943 4110 negat
990 4026 1170 4090 idem
1219 4026 1581 4091 Brauuius.
1622 4056 1629 4061 ·
1671 4023 1812 4090 Hic
1867 4041 2045 4100 vero,
2094 4021 2250 4087 loco
2310 4023 2557 4087 citato:

355 4132 377 4162 ‘
404 4127 1009 4194 Persuasissimum
1051 4128 1213 4193 mihi
1258 4125 1404 4204 est,’
1452 4126 1695 4210 inquit,
1728 4129 1749 4160 ‘
1783 4132 2100 4203 statuam,
2129 4123 2554 4210 quae-Cliviis

352 4233 423 4298 iu
455 4233 616 4298 aula
646 4233 1083 4316 conspicitur,
1115 4252 1248 4298 non
1272 4230 1488 4314 magis
1512 4228 1904 4297 Eumenium
1930 4227 2318 4307 Rhetorem,
2347 4245 2554 4312 quam

484 4349 663 4416 Delph.
685 4355 732 4400 et
760 4350 873 4405 ναν.
897 4351 1027 4402 ctae.
1305 4322 1493 4411 Ρᾳηιὲ.
1520 4348 1626 4400 Vct.
2191 4418 2193 4420 η
2326 4348 2358 4394 4
2393 4344 2422 4394 1
