3084 4959
415 338 643 405 ,1110
904 377 909 382 -
998 393 1003 396 Α
1148 321 1485 420 ‘efficerit
1534 351 1955 424 ruffinum.

473 500 765 585 quentiae
814 502 879 563 et
925 496 1366 574 humanitatis
1421 499 1511 562 ab
1562 495 1825 561 idoneis
1871 495 2108 561 harum
2153 512 2368 560 rerum
2416 483 2683 560 arbitris

472 601 1039 669 commendentur.
1137 597 1502 665 Verissime
1549 599 1636 663 de
1686 598 1774 662 iis
1810 598 2073 684 judicat
2102 597 2182 663 C.
2216 598 2297 661 F.
2329 597 2681 676 Mullerus‚

470 704 561 772 A.
594 704 695 769 M.
728 712 801 770 et
830 702 1158 770 Biblioth.
1179 700 1398 768 Acad.
1423 700 1871 783 Wittenberg.
1901 707 2164 776 custos»,
2184 699 2407 771 ‘literis
2437 701 2684 765 acerba

470 815 685 872 morte
714 814 1010 892 ereptuS,
1041 806 1114 869 in
1136 806 1478 889 praeclara
1509 805 1699 869 Diss.
1735 803 1823 867 de
1856 802 2107 869 Pacati
2137 802 2559 887 Panegyrico
2590 800 2684 867 ad

473 909 770 976 Pliniani
820 909 1210 993 exemplum
1261 907 1570 982 formato,
1620 927 1693 991 p.
1736 907 1800 971 7.
1859 926 2014 991 sqq.
2075 908 2098 939 ‘
2127 904 2407 988 Ingenio
2452 904 2683 969 nullus

473 1031 706 1078 eorum
736 1019 956 1077 caret:
1003 1017 1109 1075 est
1155 1015 1385 1075 autem
1434 1008 1603 1074 illud
1651 1010 1760 1074 vel
1796 1009 2065 1094 jndicio
2112 1007 2529 1085 destitutum,
2572 1006 2687 1071 vel

450 1112 807 1198 -Augustei
835 1113 1073 1180 saeculi
1101 1111 1432 1194 elegantia
1462 1112 1682 1176 minus
1711 1112 2079 1189 excultum,
2111 1110 2241 1190 vel,
2260 1109 2455 1194 cujus
2484 1109 2684 1175 luxu-

472 1218 610 1283 ries
642 1215 822 1302 stylo
851 1236 987 1282 non
1015 1216 1181 1281 satis
1211 1214 1499 1299 depasta
1528 1215 1641 1290 sit,
1682 1216 1793 1281 vel
1826 1213 2316 1280 exercitatione
2346 1211 2687 1277 umbratili

472 1319 673 1386 nimis
725 1325 1168 1397 coarctatam,
1198 1318 1311 1383 vel
1338 1325 1729 1403 corruptum
1759 1318 2107 1384 servitute.
2129 1360 2147 1380 .
2176 1364 2194 1383 .
2222 1361 2241 1381 .
2281 1314 2436 1380 Nec
2462 1319 2684 1380 tamen

477 1420 632 1486 istis
660 1421 1093 1507 Panegyricis
1144 1441 1288 1487 suae
1338 1420 1579 1500 desunt
1622 1421 1949 1490 virtutes:
1992 1437 2275 1504 quarum
2303 1417 2376 1482 in
2403 1415 2689 1500 gratiam

479 1524 717 1591 saeculi
745 1542 979 1590 naevos
1003 1524 1140 1589 illis
1171 1522 1543 1589 condonari
1590 1543 1714 1608 par
1750 1530 1879 1587 est.
1966 1519 2338 1587 Abundant
2366 1520 2545 1586 enim
2572 1520 2688 1586 de-

480 1626 966 1709 scriptionibus
1022 1626 1358 1692 bellorum
1415 1645 1500 1690 ac
1572 1625 1949 1709 praeliorum
2005 1624 2336 1711 inprimis,
2379 1624 2691 1708 quamvis

478 1729 913 1811 longioribus,
960 1729 1383 1813 elegantibus
1433 1733 1696 1795 tamen:
1742 1729 2092 1795 abundant
2133 1727 2485 1795 sententiis
2536 1744 2694 1812 vere

480 1831 915 1900 sublimi-bus:
936 1831 1288 1898 abundant
1300 1831 1615 1897 acumine
1636 1853 1653 1899 z
1670 1880 1687 1897 .
1701 1879 1719 1898 .
1736 1880 1754 1899 .
1774 1832 2071 1914 gaudent
2092 1832 2454 1898 multarum
2471 1847 2693 1895 rerum

478 1934 769 2000 feliciter
797 1953 1130 2019 expressa
1172 1934 1655 2000 similitudine:
1699 1934 1982 2000 floribus
2018 1935 2271 2000 nitent:
2318 1931 2692 1998 luminibus

481 2037 877 2121 splendent:
923 2039 1146 2120 ipsam
1195 2036 1486 2120 denique
1536 2031 1994 2103 sonantiorem
2035 2036 2228 2102 illam
2258 2032 2693 2117 Virgiliorum

483 2139 870 2218 dictionem,
898 2141 962 2206 si
990 2159 1035 2205 a
1058 2159 1332 2206 numero
1362 2140 1702 2217 discedas,
1735 2159 2112 2223 germanam
2144 2157 2280 2204 non
2307 2156 2460 2203 raro
2490 2134 2696 2202 nobis

476 2247 1021 2328 repraesentant.
1069 2241 1248 2322 Quae
1279 2244 1528 2322 omnia,
1559 2237 1823 2310 etiamsi
1852 2242 2118 2308 modum
2164 2238 2503 2306 excedant
2531 2227 2695 2302 non-

479 2365 843 2431 nunquam,
885 2346 977 2413 ad
1021 2346 1430 2412 illiciendum
1482 2346 2029 2431 captandumque
2074 2345 2350 2412 lectoris
2398 2342 2693 2410 animum

483 2449 619 2515 vim
652 2450 899 2517 habent
922 2451 1369 2535 praecipuam.
1377 2448 1440 2487 ’¹’

550 2679 576 2714 ὓ
606 2677 780 2744 Adde,
819 2683 904 2747 sis,
940 2682 993 2734 J.
1028 2682 1098 2734 G.
1133 2682 1355 2733 walchii
1386 2681 1557 2733 Distr-

488 2755 556 2806 de
600 2756 753 2808 Orat.
800 2759 997 2822 Paneg.
1039 2759 1165 2809 vet.
1222 2760 1274 2811 ia
1329 2759 1553 2823 Parerg.

486 2834 742 2885 Academ.
775 2843 830 2885 et
861 2836 1169 2901 Jagemann,
1189 2838 1257 2887 V.
1279 2838 1341 2889 C.
1377 2838 1554 2888 Gesclt.

488 2912 575 2962 der
598 2910 676 2971 fr.
712 2913 907 2964 Kiinste
941 2916 1040 2963 aad
1075 2915 1332 2965 Wuench.
1362 2915 1418 2964 in
1448 2914 1555 2964 Ita-

487 2988 601 3044 lien,
656 2995 781 3039 tom.
839 3002 906 3040 ιι.
960 2991 1150 3053 Jaeger.
1228 2990 1557 3043 Schwarzius

491 3065 714 3118 Dissert.
733 3066 1038 3118 Mamertini
1057 3066 1389 3132 Panegyrico
1406 3069 1559 3119 Max-

490 3142 680 3192 imiano
725 3142 961 3208 praefixa,
1001 3147 1029 3210 §
1065 3149 1114 3194 1.
1181 3145 1558 3210 Dignissimum

492 3226 594 3280 est,
624 3218 763 3284 quod
800 3217 1039 3285 addatur,
1067 3221 1164 3271 viri
1198 3222 1380 3271 summi
1410 3222 1556 3286 judi·

492 3296 630 3345 cium
664 3296 719 3344 ln
750 3295 997 3348 Btbttorh.
1031 3297 1217 3347 critic.
1253 3304 1381 3347 tom.
1412 3307 1478 3349 u.
1506 3312 1559 3363 p.

492 3375 579 3422 10.
613 3372 864 3437 ‘Eorum
900 3374 990 3438 qui
1034 3381 1218 3438 postea
1255 3372 1406 3439 (pest
1447 3376 1559 3426 De·

492 3449 831 3513 mosthenem,
891 3452 1218 3514 Ciceronem,
1277 3465 1559 3517 eorumque

496 3524 754 3591 aeqnales)
795 3524 1027 3591 fuerunt,
1074 3528 1335 3577 orationes
1375 3519 1559 3579 lectio·

493 3617 615 3653 nem
646 3602 844 3653 habent
877 3618 1188 3668 magnopere
1218 3618 1335 3653 cum
1359 3604 1562 3668 utilem,

494 3686 603 3730 tum
631 3680 951 3744 jucundam:
984 3682 1186 3739 utilem,
1209 3680 1344 3745 quod
1379 3695 1446 3731 ex
1473 3695 1562 3734 eo-

497 3771 611 3807 rnm
637 3755 913 3807 virtutibus
939 3764 996 3808 et
1019 3758 1161 3808 vitiis
1185 3757 1388 3808 discere
1418 3757 1564 3817 licet.

498 3830 624 3896 quid
679 3828 1001 3894 fugiendum,
1060 3832 1184 3898 quid
1243 3833 1565 3900 sequendum

498 3907 600 3958 sit:
628 3905 1086 3973 jucundam,quod
1111 3908 1403 3959 observatio
1425 3924 1565 3960 eom·

499 3982 807 4051 paratioque
817 3983 1172 4045 exemplorum
1186 3981 1437 4048 veterum,
1449 4000 1566 4051 qum

400 4126 405 4129 ἢ
498 4058 817 4126 posteriores
871 4058 1125 4109 imitando
1176 4068 1568 4125 expresserunt,

501 4134 846 4200 rationisque,
880 4133 946 4184 ad
986 4149 1137 4200 quam
1183 4135 1420 4186 imitandi
1454 4142 1565 4187 stu·

501 4211 644 4262 dium
689 4217 1106 4277 composuerunt,
1149 4224 1234 4262 res
1286 4222 1370 4263 est
1412 4212 1567 4279 plena

1633 2677 2019 2732 humanissime
2074 2678 2378 2744 voluptatis.
2464 2678 2549 2729 Ex
2603 2676 2703 2728 boc

1633 2772 1832 2823 genere
1871 2766 1993 2809 sunt
2032 2756 2351 2822 Panegyrici
2394 2754 2585 2808 Larini.
2608 2785 2661 2806 .-

1634 2836 1735 2886 Est
1778 2835 1913 2885 enim
1951 2835 2004 2885 in
2041 2834 2102 2883 iis
2141 2829 2701 2896 habitus,eloquentiae

1635 2907 1863 2962 labentis
1900 2912 2129 2978 quidem,
2162 2917 2217 2962 et
2255 2901 2428 2960 mult'is
2467 2906 2705 2972 partibus

1637 2987 1845 3055 fractae,
1868 2988 1960 3038 sed
1995 2996 2169 3038 tamen
2205 2985 2466 3037 fulcientis
2497 2984 2704 3033 ruinam

1635 3080 1782 3118 snam
1808 3065 1999 3124 studio,
2017 3071 2078 3115 et
2108 3064 2362 3130 erigentis
2381 3075 2442 3113 se
2467 3068 2704 3112 veterum

1637 3143 1947 3193 imitatione.
2030 3143 2218 3207 Neque
2256 3140 2370 3191 fleri
2414 3137 2568 3190 facile
2611 3152 2706 3201 po·

1640 3225 1767 3281 test,
1791 3220 1916 3283 quin
1947 3217 2014 3267 ab
2046 3218 2158 3283 ejus
2177 3216 2417 3268 lectionis
2440 3215 2589 3266 initio
2611 3213 2708 3264 mi·

1639 3309 1815 3346 remur
1836 3295 2088 3346 orationis
2110 3305 2229 3345 cum
2253 3292 2613 3343 diversitatem
2638 3291 2709 3341 ab

1637 3372 1728 3421 illa
1760 3378 1996 3422 veterum
2033 3370 2358 3436 proestantia,
2394 3377 2505 3420 tum
2544 3368 2708 3434 ipsius

1637 3449 1948 3513 inaequalem
1976 3448 2298 3499 varietatem.
2345 3447 2506 3511 Cujus
2522 3445 2711 3509 depra-

1642 3525 1867 3575 vationis
1890 3539 2073 3575 caussa
2093 3538 2214 3587 non,
2238 3531 2295 3574 nt
2317 3523 2471 3587 vulgo
2499 3527 2709 3587 putant,

1642 3600 1797 3651 unica
1836 3600 1934 3650 fuit
1976 3601 2240 3650 libertatis
2280 3598 2505 3660 amissIo,
2545 3601 2720 3664 quani

1644 3691 1799 3742 quam
1823 3690 1886 3726 es
1906 3676 2125 3726 multum
2151 3675 2347 3736 valuit3
2380 3673 2473 3723 sed
2495 3672 2712 3725 fuerunt

1646 3754 1760 3804 aliae
1795 3753 2107 3819 complures,
2132 3786 2147 3802 .
2173 3787 2187 3803 .
2215 3785 2230 3801 .
2252 3751 2486 3815 inprimis
2507 3749 2608 3801 fuit
2629 3765 2715 3808 es.

1645 3830 1784 3896 quod
1818 3830 2076 3893 Caesares,
2099 3828 2289 3894 quique
2323 3828 2585 3893 republica
2618 3842 2715 3893 po·
2760 3852 2775 3869 ·

1646 3908 1894 3970 tirenfinr,
1921 3906 2229 3972 plerumque
2262 3918 2360 3955 nec
2391 3905 2573 3954 literas
2607 3904 2714 3954 ale·

1648 3990 1787 4049 rent,
1820 3997 1921 4033 nec
1953 3982 2170 4033 consilia
2206 3994 2298 4030 sna
2324 3979 2392 4031 ad
2421 3980 2715 4031 humanita-

1647 4065 1753 4112 tem
1779 4057 2053 4112 referrent.
2118 4058 2368 4109 Ceterum
2396 4057 2720 4122 gravissima,

1641 4137 1761 4188 sine
1797 4135 1972 4201 dnbio,
2012 4133 2176 4200 pestis
2210 4132 2264 4183 in
2300 4133 2418 4197 ipsa
2454 4133 2714 4185 hominnm

1648 4213 1992 4266 inbecillitate
2019 4210 2188 4263 latuit.
2256 4209 2345 4264 Ita
2367 4210 2506 4263 enim
2531 4214 2719 4263 natura
