3084 4959
556 356 733 427 1504
1042 368 1486 427 usuam-mr
1535 369 1995 423 etiamnum
2046 368 2268 420 acmo

598 566 603 569 -
642 519 821 586 cn·
872 532 957 583 n.
1003 517 1078 607 ,1,
1122 516 1333 581 Porro
1354 515 1424 580 iu
1455 514 1873 583 decernendo
1903 512 2286 593 consulatu,
2314 512 2592 583 remotis
2617 515 2755 580 uti-

554 623 858 690 litatibus
899 620 1059 699 tuis,
1088 620 1400 687 ratione-m
1447 637 1618 683 meae
1659 618 1875 685 solum
1904 617 2252 700 dignitatis
2278 615 2599 683 habuisti.
2680 618 2748 689 2.

554 725 735 795 Nam
768 725 837 791 in
863 706 1559 797 administrationibus
1586 719 1779 784 labor
1798 719 2035 785 honori
2061 718 2470 803 adjungitur,
2492 719 2563 787 in
2590 737 2751 787 con·

550 829 777 897 sulatu
803 826 1021 893 honos
1051 826 1192 889 sine
1219 822 1450 888 labore
1480 822 1868 905 suscipitur.
1956 821 2040 887 In
2069 821 2207 886 illis
2237 821 2300 886 si
2327 820 2605 900 laeteris,
2631 841 2748 889 cu·

549 930 735 1017 pidae
766 927 1144 995 ambitionis
1174 945 1326 993 esse
1351 925 1687 1005 videaris3
1732 925 1801 991 in
1828 925 1956 991 hoc
1986 924 2124 993 nisi
2152 930 2380 1011 aperte
2406 929 2473 990 et
2501 943 2749 1009 propa-

548 1032 685 1099 lam
712 1031 989 1107 laeteris‚
1021 1030 1320 1113 ingratus
1347 1028 1466 1095 sis.
1552 1027 1618 1093 3.
1667 1027 1830 1094 Huc
1859 1027 2149 1104 accedit,
2177 1026 2365 1112 quod
2401 1027 2560 1113 ipsa
2595 1027 2747 1099 baec

549 1136 760 1213 urbs:
806 1140 1007 1219 atque
1051 1131 1182 1199 hoc
1224 1129 1764 1213 augustissimum
1811 1129 2081 1195 consilii
2119 1127 2372 1215 publici
2415 1129 2748 1213 templum

548 1237 833 1306 officium
862 1235 1057 1321 hujus
1087 1233 1411 1301 orationis
1441 1231 1786 1316 efflagitat.
1859 1228 2042 1299 Haec
2072 1232 2220 1309 tibi,
2240 1231 2530 1300 nominis
2555 1233 2744 1315 novi,

548 1341 674 1409 sed
714 1338 1205 1424 antiquissimae
1246 1336 1644 1415 nobilitatiS,
1688 1334 1937 1405 civitas
1980 1336 2203 1419 patria
2248 1342 2396 1405 est:
2450 1336 2563 1404 hic
2606 1336 2744 1421 pri-

544 1462 729 1511 mum
772 1442 996 1509 editus
1016 1461 1034 1506 z
1053 1436 1074 1479 ‘
1109 1439 1220 1507 hic
1263 1441 1461 1523 qnasi
1506 1438 1844 1525 quoddam
1872 1439 2171 1505 salutare
2198 1438 2489 1507 humano
2516 1440 2744 1523 generi

545 1546 734 1613 sidus
762 1551 1066 1613 exortus.
1152 1546 1218 1609 4.
1266 1542 1364 1609 Hi
1393 1542 1602 1622 cives,
1628 1550 1698 1611 et
1719 1540 2088 1629 populares
2111 1543 2212 1609 tui
2240 1542 2441 1609 silere
2469 1562 2579 1611 me
2601 1562 2743 1615 non

542 1649 789 1726 sinunt,
810 1667 949 1715 nec·
959 1647 1323 1732 patiuntur,
1347 1653 1421 1713 ut
1441 1647 1799 1731 quisquam
1819 1646 1992 1712 alius
2012 1645 2564 1731 auspicatissimo
2587 1644 2699 1711 die
2714 1654 2743 1697 ⁸

542 1750 728 1836 apud
773 1755 866 1829 te,
896 1768 980 1815 ac
1020 1748 1105 1814 de
1151 1755 1220 1814 te
1264 1747 1590 1833 loquendi
1630 1767 1875 1819 munus
1916 1755 2221 1833 usurpet,
2253 1766 2458 1832 qnam
2499 1747 2585 1826 is,
2614 1750 2738 1839 qni

539 1851 959 1937 amplissimo
1008 1852 1099 1918 sit
1146 1850 1476 1935 praeditus
1524 1851 1944 1933 magistratus
2047 1851 2113 1919 5.
2158 1850 2437 1931 Putant,
2479 1850 2738 1939 aliquid

539 1954 832 2037 adjicere
875 1954 959 2019 ad
1003 1952 1435 2038 splendorem
1475 1952 1759 2018 laudum
1798 1958 2063 2020 tuarum
2108 1952 2407 2018 consulis
2448 1972 2734 2029 nomenz

537 2064 607 2123 et
649 2065 831 2124 recte
876 2059 1133 2143 putant.
1219 2055 1556 2140 Adjicitur
1593 2056 1774 2124 enim
1810 2055 2091 2121 laudum
2132 2055 2443 2139 dignitati
2480 2055 2732 2124 honore

534 2159 897 2226 laudantis.
981 2159 1045 2225 6.
1091 2157 1199 2227 Ac
1244 2159 1432 2238 licet,
1474 2158 1770 2224 maxime
1807 2158 2204 2242 Imperator,
2241 2153 2517 2241 publico
2550 2158 2736 2244 jndi-

535 2262 648 2326 cio
680 2267 751 2327 et
790 2261 1054 2327 nomine
1098 2280 1295 2344 agere
1336 2260 1462 2327 tibi
1507 2262 1760 2344 gratias
1803 2260 2108 2339 debeam,
2135 2264 2361 2327 tamen
2403 2261 2544 2339 illa,
2571 2281 2727 2346 quae

536 2382 661 2448 pro
686 2384 952 2430 summa
973 2384 1043 2429 re
1063 2360 1266 2436 domi,
1287 2362 1592 2448 forisque
1609 2362 2096 2450 gessistirnunc
2113 2380 2203 2428 ex
2220 2368 2411 2450 parte
2434 2366 2731 2437 maxima

533 2466 1050 2550 praetermittam,
1087 2473 1167 2532 ut
1208 2486 1408 2551 quam
1440 2464 1709 2557 ocyus¹²
1755 2467 1844 2532 ad
1883 2486 1991 2547 ea,
2029 2485 2189 2557 quae
2231 2468 2509 2553 propria
2547 2473 2728 2557 sunt,

529 2569 872 2654 perveniat
898 2568 1137 2637 oratio.

1446 2706 1601 2729 OOm
1604 2705 1808 2729 'oeteo‘

595 2816 733 2867 Cn.
751 2830 814 2867 11.
871 2823 896 2868 l
923 2818 1102 2869 Verba
1133 2836 1165 2870 a
1197 2821 1391 2870 remotis
1428 2820 1494 2869 ad
1531 2821 1676 2871 honos
1712 2822 1901 2871 desunt
1937 2820 1991 2873 in
2030 2822 2263 2888 Guelpli.
2312 2824 2463 2873 solum
2493 2820 2726 2890 militam

528 2878 741 2932 Puteal.
764 2884 998 2934 Rhenan.
1021 2884 1206 2948 Stepb.
1233 2886 1402 2935 Livin.
1428 2886 1602 2936 Rivin.
1642 2887 1792 2936 solum
1821 2889 2078 2950 dignitatis
2098 2890 2220 2939 Vct.
2245 2889 2474 2940 Putean.
2496 2891 2615 2941 Vct.
2639 2892 2725 2941 Li-

527 2946 635 2996 vin.
658 2947 865 2997 Bertin.
885 2948 1015 2998 Exc.
1051 2950 1338 3007 Schonhov.
1363 2952 1580 3015 cuspin.
1603 2951 1758 3001 Grut.
1784 2960 1841 3002 et
1871 2959 2196 3004 reccath—2
2218 2955 2327 3004 Pro
2349 2954 2500 3013 labor,
2526 2956 2724 3012 Berua,

525 3009 687 3062 babet
720 3014 961 3064 labos—s
986 3014 1215 3079 Guelph.
1237 3017 1344 3078 ipsu
1379 3017 1510 3077 urbs,
1532 3018 1723 3066 omisso
1755 3016 1872 3069 hac.
1935 3019 2084 3076 Mox,
2111 3019 2385 3086 effugium
2403 3034 2579 3070 omnes
2600 3021 2722 3072 edd.

523 3084 647 3131 ante
670 3076 853 3131 Arntz.
874 3080 960 3144 qui
985 3095 1015 3130 e
1037 3080 1154 3130 cod.
1192 3080 1421 3145 Gnelph.
1445 3083 1571 3130 lect.
1607 3090 1836 3132 nostram
1874 3085 2120 3134 restituit.
2168 3091 2240 3134 est
2268 3084 2438 3150 patria
2457 3085 2577 3135 edd.
2596 3098 2722 3137 ante

524 3142 708 3193 Arna.
757 3144 920 3208 patria
939 3151 1011 3195 est
1036 3145 1264 3209 Guelph.
1289 3148 1411 3196 Vct.
1447 3147 1673 3197 Putean.
1697 3147 1823 3197 Vet.
1845 3149 2015 3199 Livin.
2039 3150 2243 3199 Bertiu.
2266 3149 2492 3214 Guelpb.
2556 3151 2725 3202 Paulo

525 3214 646 3270 post
669 3207 842 3258 Livin.
863 3210 999 3273 conj.
1020 3217 1217 3261 exortus
1248 3216 1416 3263 ιιι-4
1436 3212 1646 3263 Puteol.
1668 3217 1723 3263 ut
1744 3215 1939 3278 quisque
1956 3215 2197 3265 aliua—5
2221 3214 2456 3265 Patarol.
2477 3213 2726 3276 Adjicitur

522 3272 649 3321 enim
667 3273 702 3319 1.
724 3275 775 3322 d.
797 3275 945 3324 honor
965 3276 1208 3325 mudnatis
1220 3290 1243 3333 ,·
1276 3278 1345 3326 al.
1367 3291 1453 3340 ap.
1486 3278 1695 3328 Acidal.
1717 3279 1900 3341 Adjicit
1921 3280 2049 3330 enim
2066 3282 2103 3331 1.
2135 3282 2187 3331 d.
2211 3280 2360 3331 honor
2393 3282 2722 3332 leudastis.—

520 3340 557 3386 ⁶
576 3335 646 3387 At
666 3336 795 3399 licet,
813 3339 1020 3389 maxime
1053 3341 1546 3404 Imperator‚'deleto
1568 3351 1844 3399 commate,
1867 3345 2035 3395 Banu·
2080 3360 2207 3394 nunc
2239 3351 2288 3397 et
2316 3352 2456 3410 purte
2488 3346 2717 3409 Guelpb.

521 3406 697 3466 quanto
708 3404 860 3453 totius
877 3404 1087 3454 Puteol.
1102 3406 1272 3455 Livin.
1305 3412 1481 3471 quanto
1500 3424 1645 3473 ocyus
1663 3409 1880 3472 Cuspiu.
1892 3419 1952 3462 et
1971 3412 2038 3462 P.
2053 3406 2234 3476 Steph.
2264 3411 2538 3476 quantocius
2552 3412 2720 3466 Rhea.

521 3475 579 3517 et
599 3467 672 3517 H.
691 3467 876 3532 Stepb.
909 3484 1049 3533 quam
1070 3485 1213 3535 ocyus
1234 3471 1356 3522 vet.
1382 3472 1608 3524 Puteau.
1629 3472 1858 3538 Guelph.

1513 3610 1729 3663 NOTAE

516 3712 657 3763 torio
691 3713 927 3768 Orientis
960 3718 1245 3782 prefectus
1287 3719 1577 3773 dicebatur.
1655 3735 1723 3771 no
1748 3721 1941 3774 Christi
1962 3728 2077 3777 3³1.
2113 3730 2301 3776 octavo
2334 3723 2463 3776 Idus
2485 3723 2718 3779 Noven-

515 3789 885 3845 Mamertinum
899 3795 1207 3860 praefectum
1219 3799 1468 3862 pratorio
1480 3813 1579 3863 per
1653 3799 1794 3850 bres-

508 3864 778 3929 Illyricnm
792 3867 954 3921 fuisse
969 3872 1045 3922 ait
1061 3872 1357 3925 Ammianus
1375 3874 1410 3925 Ι.
1429 3886 1580 3928 xxn.
1720 3880 1747 3921 t
1777 3875 2172 3943 Auspicatissimo
2190 3876 2292 3943 die]
2316 3874 2440 3928 Kal.
2458 3877 2716 3935 Jaunsrii,

572 3948 596 3977 ⁸
638 3941 765 3993 Hoec
782 3945 922 4010 urbs]
946 3948 1417 4012 Constantinopolis
1437 3964 1573 4005 novo
1656 3952 1845 4018 quibus
1882 3955 2230 4007 Mamertinus
2253 3970 2358 4006 una
2378 3969 2496 4004 cnm
2519 3954 2715 4006 Nevita

510 4017 719 4069 nomine
749 4023 1033 4093 appellata,
1060 4039 1181 4091 qnae
1215 4026 1338 4093 clim
1366 4027 1572 4092 Byzan·
1655 4031 1861 4094 collega
1880 4033 2205 4084 consulatum
2228 4031 2610 4097 auspicabatur.

509 4096 640 4151 tium
660 4097 957 4154 dicebatur.
1716 4105 1743 4142 ¹·
1778 4110 1936 4168 Quum
1973 4126 2116 4177 ocyus
2167 4106 2510 4177 [quantocyus]
2557 4107 2715 4159 Cili!-

578 4170 600 4203 ἲ
626 4175 729 4225 Hic
754 4177 959 4240 prunum
980 4179 1164 4246 editus]
1194 4181 1435 4232 Julianus
1456 4181 1567 4233 Au·
1650 4184 1798 4238 sime.

510 4255 697 4315 gustus
717 4252 1168 4324 Constantinopoli
1200 4265 1353 4309 natus
1374 4265 1456 4313 est
1477 4273 1566 4313 au·
1897 4250 1904 4257 ’
