3084 4959
960 379 1439 432 cons'rANrto
1487 379 1807 432 cAESAm.
1884 383 1955 429 v.
1998 368 2106 433 20.
2450 369 2620 434 1301

423 528 681 606 Caesar,
730 531 849 592 tuo
898 527 1093 593 vultu
1143 527 1470 593 videbant
1527 527 1829 592 omnium
1883 528 2076 610 signa
2123 526 2490 608 virtutum3
2549 530 2620 594 in

421 631 639 697 fronte
677 630 1045 712 gravitatis,
1075 630 1146 695 iu
1187 631 1404 696 oculis
1445 630 1764 706 lenitatiS,
1798 631 1868 695 in
1909 632 2148 695 rubore
2179 629 2622 707 verecundiae,

422 735 491 798 in
523 752 828 798 sermone
857 733 1171 817 justitiae.
1257 736 1323 798 4.
1370 732 1548 812 Quae
1576 733 1864 814 singula,
1895 739 1971 799 ut
2004 740 2472 816 respectantes
2503 733 2624 798 ad-

424 842 776 914 verterant,
804 835 1063 902 laetitiae
1103 837 1515 902 clamoribus
1547 838 2024 919 concinebant3
2068 839 2268 902 vobis
2302 856 2395 911 se,
2424 837 2624 902 vobis

424 940 670 1004 liberos
709 946 895 1018 suos,
926 940 1170 1004 vestris
1207 939 1438 1006 liberis
1469 960 1702 1008 omnes
1733 940 1999 1025 generis
2028 941 2133 1020 sui
2168 946 2480 1025 posteros
2512 940 2624 1004 de-

426 1043 781 1107 vovebant.
2155 1034 2175 1045 ⁶

514 1143 694 1211 GAP.
742 1161 885 1209 xx.
943 1146 1007 1209 1.
1053 1146 1201 1212 Nos
1230 1147 1501 1231 quidem
1534 1152 1731 1232 certe,
1768 1166 1810 1210 o
1844 1145 2152 1231 perpetui
2182 1139 2532 1229 parenteS,j
2561 1149 2628 1209 et

428 1247 677 1312 domini
701 1249 953 1330 generis
974 1250 1271 1329 humani,
1296 1250 1427 1315 hoc
1452 1270 1496 1315 a
1526 1249 1683 1314 Diis
1714 1249 2200 1314 immortalibus
2228 1247 2406 1311 omni
2437 1251 2630 1310 voto’·

427 1370 575 1414 rum
603 1353 1102 1435 nuncupatione
1134 1351 1587 1435 deposcimus,
1611 1363 1687 1415 ut
1715 1349 1931 1424 liberi,
1956 1359 2371 1434 nepotesque
2398 1349 2630 1424 nostri,

430 1461 503 1517 et
530 1453 591 1517 si
622 1474 754 1537 qua
780 1455 1093 1536 omnibus
1125 1455 1397 1521 saeculis
1428 1455 1555 1520 erit
1584 1454 1902 1519 duratura
1930 1454 2310 1537 progenies,
2343 1459 2482 1518 tum
2513 1449 2629 1515 voss

428 1556 560 1632 bis,
585 1560 726 1621 tum
770 1557 976 1622 etiam
1018 1558 1128 1636 iis,
1160 1577 1333 1642 quos
1376 1557 1710 1630 educatiS‚
1754 1562 1958 1640 atque
2003 1554 2407 1632 educabitis,
2444 1553 2629 1617 dedi-

430 1665 677 1723 centur.
766 1656 951 1736 Quid
996 1660 1173 1723 enim
1214 1660 1448 1724 melius
1492 1660 1790 1743 posteris
1829 1659 2076 1722 nostris
2115 1664 2347 1740 optare
2389 1676 2631 1739 possu-

430 1780 608 1840 muS,
631 1781 826 1844 quam
852 1781 988 1846 quo
1010 1761 1290 1826 fruimur
1312 1762 1490 1846 ipsi?
1562 1762 1628 1826 2.
1659 1762 1873 1826 Tenet
1896 1781 2027 1825 uno
2054 1762 2250 1844 pacis
2275 1761 2633 1843 amplexae

433 1861 747 1929 Romana
782 1864 1184 1947 respublica,
1213 1863 1536 1948 quicquid
1573 1864 1777 1928 variis
1808 1869 2181 1948 temporum
2208 1864 2476 1927 vicibus
2503 1862 2634 1927 fuit

434 1966 794 2051 aliqnando
824 1965 1254 2047 Romanum3
1299 1974 1368 2035 et
1398 1967 1538 2045 illa,
1573 1985 1729 2050 quae
1762 1986 1946 2049 saepe
1973 1965 2184 2030 veluti
2210 1966 2417 2030 nimia
2457 1965 2632 2030 mole

437 2069 830 2146 defluxerat,
850 2070 1259 2153 magnitude,
1281 2069 1548 2134 tandem
1581 2069 1801 2134 solido
1833 2068 2112 2133 cohaesit
2141 2067 2479 2151 imperio!
2566 2068 2634 2131 3.

436 2170 628 2238 Nihil
662 2193 750 2240 ex
789 2172 973 2237 omni
1000 2176 1317 2237 terrarum
1349 2172 1640 2256 coelique
1671 2172 1935 2254 regione
1966 2190 2095 2234 non
2129 2176 2248 2234 aut
2278 2178 2457 2235 metu
2489 2171 2634 2253 qui-

433 2281 612 2341 etum
658 2285 787 2355 est,
813 2281 931 2342 aut
972 2276 1173 2341 armis
1216 2275 1571 2351 domitum,
1602 2281 1718 2338 aut
1760 2273 2012 2358 pietate
2052 2272 2459 2337 devinctum.
2547 2270 2636 2335 Et

437 2398 527 2443 ex
575 2378 727 2445 aliis
768 2377 1040 2464 quidem
1086 2378 1392 2460 partibus
1433 2377 1666 2461 aliqua
1705 2379 2191 2459 restant,‘quae,
2223 2376 2283 2438 si
2314 2376 2633 2439 voluntas

436 2483 542 2546 vel
582 2482 754 2546 ratio
794 2500 1011 2546 rerum
1051 2481 1447 2558 desiderent,
1488 2479 1774 2565 possitis
1823 2479 2199 2563 acquirere:
2245 2477 2418 2543 ultra
2462 2476 2629 2541 Oce-

493 2676 530 2764 ’ἶ
562 2666 1132 2797 sszargleugtlxctlze‘iinperii
1165 2745 1260 2795 qua
1292 2729 1393 2792 edus
1430 2731 1593 2780 nimioe
1619 2734 1786 2796 partes
1823 2729 1969 2779 veluti
2002 2727 2325 2784 elabebantur,
2360 2729 2549 2777 tandem
2585 2727 2638 2777 in

438 2813 580 2849 nuum
600 2813 767 2862 corpus
780 2796 974 2847 coaluit.

1341 2875 1702 2898 &OOOOO‘OO‘OO

443 2976 584 3026 Gud.
604 2980 648 3026 l.
670 2976 841 3026 Rivin.
865 2982 919 3024 et
938 2980 1129 3025 ceterae
1154 2972 1274 3021 edd.
1293 2972 1669 3023 celebratum—4
1704 2971 1838 3021 Edd.
1862 2978 1991 3021 vett.
2010 2976 2064 3019 ut
2083 2984 2128 3019 r.
2150 2977 2445 3032 agnoverant
2466 2988 2486 3029 ‚·
2509 2972 2641 3022 Ber-

441 3044 535 3092 tin.
588 3049 641 3092 ut
680 3058 724 3090 r.
758 3043 1081 3099 «deenen-anu
1119 3039 1291 3088 Moerl.
1319 3047 1372 3086 et
1398 3038 1536 3087 Gud.
1569 3041 1619 3085 1.
1646 3042 1695 3086 2.
1747 3044 1802 3087 ut
1835 3052 1878 3086 r.
1909 3039 2229 3097 adverterant,
2266 3038 2404 3099 quod
2443 3038 2636 3099 primus

441 3110 641 3170 recepit
666 3106 850 3157 Arntz.
918 3107 1022 3157 Pro
1042 3119 1219 3167 omnes,
1240 3104 1416 3152 Moerl.
1447 3103 1604 3151 habet
1625 3101 1775 3151 omnis
1793 3119 1812 3161 ,·
1844 3103 1968 3151 Vet.
1995 3102 2158 3150 Livin.
2185 3103 2396 3164 Cuspin.
2421 3110 2476 3151 et
2499 3102 2642 3153 Gud.

443 3178 490 3222 1.
540 3173 765 3237 omnibus,
784 3172 915 3237 quod
942 3172 1185 3235 displicet
1219 3169 1446 3219 Livineio
1469 3176 1523 3216 et
1543 3167 1577 3218 J
1586 3182 1775 3230 aegero.

506 3238 639 3288 CAP.
665 3251 765 3288 xx.
798 3241 825 3286 1
854 3233 958 3287 Nos
975 3254 1024 3301 q.
1045 3243 1174 3286 certo
1196 3234 1364 3284 Moerl.
1390 3234 1526 3282 Gud.
1559 3236 1608 3281 2.
1639 3233 1853 3297 Cuspiu-
1874 3230 2088 3280 Puteol.
2113 3230 2343 3280 Rhenan.
2363 3229 2435 3280 H.
2457 3232 2643 3295 Stepb.

443 3304 609 3353 Riviu.
636 3308 682 3354 l.
741 3304 845 3352 Nos
882 3319 930 3366 q.
961 3307 1090 3351 certe
1125 3301 1259 3364 conj.
1297 3298 1502 3349 Acidal.
1536 3306 1591 3348 et
1629 3296 1751 3349 edd.
1787 3306 2011 3346 receutt·
2056 3311 2165 3345 cum
2198 3297 2331 3348 vobis
2363 3297 2483 3348 edd.
2517 3305 2641 3348 ante

445 3370 625 3420 Arntz.
648 3368 738 3433 qni
771 3383 799 3416 e
824 3369 945 3417 Vet.
983 3366 1153 3417 Livin.
1188 3367 1388 3429 recepit
1423 3371 1527 3414 tum
1560 3363 1712 3414 nabin.
1765 3364 1942 3413 Μαι-Ι.
1966 3370 2019 3411 et
2043 3361 2180 3411 Gnd.
2203 3366 2253 3411 2.
2272 3368 2376 3412 tum
2396 3361 2540 3412 etiam
2562 3364 2642 3419 iis.

443 3435 578 3498 qumi
615 3436 808 3497 primus
842 3433 893 3481 in
928 3439 1232 3482 contextum
1273 3431 1476 3493 recepit
1508 3428 1775 3492 Jaegeru⁸;
1816 3434 1919 3478 tum
1944 3443 1986 3477 e.
2019 3425 2094 3476 his
2124 3427 2237 3476 aliae
2268 3428 2388 3477 edd.
2438 3429 2645 3491 pontes-is

440 3500 614 3550 vestri·
636 3501 719 3547 ed.
742 3498 908 3548 Livin.
959 3498 1162 3562 posteris
1184 3496 1366 3546 nostris
1387 3497 1508 3544 Vet.
1535 3495 1699 3543 Livin.
1729 3493 1945 3555 Cuspiu-
1979 3491 2210 3542 Rhenan.
2247 3492 2433 3554 reliqui
2458 3495 2643 3556 scripti
2689 3497 2694 3502 ⁴

444 3573 501 3614 et
525 3563 670 3626 editi,
694 3563 945 3626 probante
967 3564 1197 3625 Jaegero.
1246 3560 1478 3624 possimus
1500 3559 1712 3623 Cuspio.
1746 3559 1980 3609 Rhenan.
2013 3556 2085 3605 H.
2109 3556 2294 3619 Steph.
2316 3566 2369 3603 et
2402 3558 2644 3608 Rivin.--

443 3634 477 3679 2
515 3629 690 3677 Teneat
727 3627 946 3689 Gnelph.
999 3627 1296 3691 defluxerant
1332 3623 1569 3674 Rhenan.
1609 3625 1679 3673 Η.
1711 3622 1892 3685 Stepb.
1927 3630 1981 3669 et
2005 3621 2180 3670 Riviu.
2232 3620 2497 3685 defluxerat
2519 3624 2647 3671 Vet-

443 3693 672 3743 Pntean.
713 3692 940 3754 Guelph.
975 3700 1030 3739 et
1066 3691 1187 3739 edd.
1223 3698 1447 3739 recentt.
1499 3688 1770 3753 defluxerat
1798 3687 2073 3747 magnitudo
2096 3683 2234 3747 conj.
2258 3687 2490 3735 Rhenan.
2545 3688 2646 3747 dif-

432 3758 657 3825 fluxerat
685 3756 825 3820 conj.
868 3755 1168 3805 Acidim—8
1205 3755 1274 3801 Et
1312 3767 1374 3802 ex
1408 3754 1486 3802 his
1515 3753 1631 3802 aliis
1653 3751 1884 3813 Guelpb.
1919 3750 2245 3812 improbante
2283 3749 2471 3799 Arntz.
2518 3754 2645 3802 ratio

443 3824 712 3876 desinerent
738 3821 950 3885 Cuspiu-
973 3821 1137 3870 Livio.
1162 3819 1394 3869 Rhenan.
1417 3818 1599 3880 Stepb.
1627 3839 1634 3846 ·
1654 3818 1779 3865 ratio
1798 3830 1957 3865 rernm
1981 3815 2248 3865 desiderent
2270 3816 2496 3879 Guelpb.
2519 3819 2644 3868 Vct.

445 3890 672 3941 Putean.
695 3888 895 3939 Bertin.
916 3886 1068 3937 Grut.
1090 3886 1177 3951 qui
1208 3884 1403 3948 primus
1437 3884 1515 3933 sic
1550 3882 1737 3944 edidit,
1770 3881 1944 3931 Rivin.
1968 3884 2017 3930 2.
2037 3887 2093 3931 et
2115 3889 2340 3933 recentt.
2392 3884 2519 3933 Mox
2546 3898 2643 3948 pro

1360 3985 1366 4008 '
1435 4017 1657 4082 norm

508 4088 1077 4192 §dperpetuiparented
1101 4122 1373 4175 Convertit
1387 4136 1501 4174 ora·
1584 4120 1888 4172 felicitatem
1934 4085 2240 4183 gratulatur,
2280 4125 2341 4170 et
2376 4117 2641 4167 inductam

447 4204 638 4257 tionem
678 4204 741 4255 ad
774 4204 1132 4267 imperatores,
1159 4216 1287 4267 quos
1320 4201 1502 4251 abseu·
1583 4199 1638 4249 in
1676 4204 1845 4248 totum
1881 4201 2139 4247 terrarum
2176 4194 2355 4248 orbem
2392 4194 2642 4247 securita-

451 4288 528 4332 tes
550 4280 853 4345 compellat,
878 4278 1166 4345 quibusque
1201 4278 1371 4330 aetatis
1394 4292 1501 4332 aum
1587 4283 1694 4344 tetn
1714 4280 1772 4325 et
1794 4281 1995 4342 pacem.
2041 4299 2044 4304 ·
2087 4281 2096 4290 ’
2215 4287 2226 4296 “
2635 4290 2643 4296 ·
