3084 4959
875 378 1218 429 msssnr.
1263 378 1368 428 An
1416 378 1870 429 uamnn‘rmr
1922 381 2201 431 nune.
2452 367 2631 437 1127

419 542 544 590 cos
569 523 868 599 veteres,'
906 523 1138 607 inquit,
1186 529 1207 562 ⁴
1237 523 1606 608 aliquando
1635 526 1953 608 percurri,
1983 531 2384 594 vetustatem
2417 530 2629 594 curio-

420 628 563 692 sius
609 625 985 701 excutiens,
1017 633 1089 692 et
1124 626 1195 691 in
1239 626 1351 692 his
1396 627 1578 691 inter
1625 627 1988 709 legendum
2024 629 2269 708 obiter,
2303 632 2369 694 in
2402 651 2629 697 meum

420 729 755 794 duntaxat
782 748 1008 807 usum,
1040 730 1356 814 quaedam
1388 730 1744 813 annotavi;
1789 731 2099 815 quaedam
2128 732 2479 799 restituere
2511 752 2632 799 co-

418 839 621 896 natus
667 851 841 905 sum,
874 831 1210 917 judicium
1257 838 1522 898 tantum
1571 853 1793 899 meum
1821 840 2149 901 secutus:
2195 855 2349 900 nam
2396 854 2631 902 exem-

417 934 594 1018 plari
637 941 903 1000 vetusto
934 936 1270 1012 carebam,
1292 955 1449 1001 cum
1472 956 1616 1021 quo
1645 937 2038 1003 conferrem.
2060 984 2078 1003 .
2101 982 2118 1000 .
2144 982 2160 999 .
2184 938 2505 1018 Proinde,
2533 938 2630 1004 mi

418 1035 633 1114 Luca,
672 1037 847 1101 hanc
888 1038 1519 1120 recognitinnculam
1561 1039 2100 1118 laboriosiorem,
2140 1060 2343 1124 quam
2371 1040 2629 1106 felicio-

417 1158 558 1203 rem
587 1138 920 1218 fortassis,
953 1143 1137 1225 (quae
1168 1140 1345 1205 enim
1376 1140 1547 1206 felix
1578 1142 1932 1226 castigatio
1963 1139 2225 1227 absque
2248 1141 2486 1208 codice
2518 1161 2634 1208 ve-

418 1247 621 1317 tusto,
654 1241 772 1324 qui
814 1248 1037 1306 tamen
1076 1262 1213 1307 non
1260 1243 1536 1309 omnino
1578 1245 1672 1309 sit
1698 1244 2108 1329 depravatus
2125 1248 2187 1325 Ἰ)
2230 1245 2355 1311 tibi
2382 1265 2634 1311 nuncu-

418 1362 583 1427 pare
635 1342 875 1419 libuit,’
918 1348 1044 1410 Sec.
1132 1344 1219 1410 In
1267 1346 1688 1411 collocandis
1743 1347 2187 1432 Panegyricis
2236 1348 2413 1413 idem
2462 1347 2631 1414 ordo

415 1447 836 1525 observatur,
883 1448 1003 1532 qui
1055 1455 1159 1514 est
1201 1449 1273 1513 in
1318 1448 1623 1514 editione
1669 1449 1909 1515 Frauc.
1951 1449 2337 1516 Puteolani.
2426 1450 2629 1515 Adeo

413 1548 590 1615 hanc
619 1549 906 1615 fortasse
935 1551 1177 1615 saltem
1206 1569 1293 1616 ex
1338 1551 1611 1635 ingenio
1642 1554 1974 1634 castigare
2005 1557 2286 1616 conatus
2316 1559 2417 1618 est
2445 1552 2631 1617 Rhe-
2686 1629 2698 1642 ‚

412 1671 652 1719 nanus.
741 1652 1001 1718 Praeter
1032 1652 1522 1738 Panegyricum
1574 1654 1892 1730 Ausonii,
1943 1654 2201 1738 adjecti
2254 1659 2412 1720 sunt
2458 1673 2630 1739 qua-

414 1762 570 1819 tuor
627 1754 1036 1839 Panegyrici
1094 1758 1524 1834 recentiores,
1588 1777 1831 1842 nempe
1896 1757 2271 1834 Hermolai,
2336 1757 2627 1837 Erasmi,

415 1858 810 1943 Pandulphi
843 1860 1232 1937 Collenutii,
1265 1869 1337 1925 et
1365 1860 1456 1927 G.
1488 1860 1913 1927 Sauromani.

500 1961 905 2046 Panegyrici
939 1964 1408 2043 Diversorum,
1434 1982 1612 2028 nunc
1644 1963 1911 2028 demum
1949 1963 2295 2045 recogniti,
2327 1970 2399 2028 et
2428 1962 2498 2027 in
2526 1964 2626 2028 lu-

408 2085 561 2130 eem
601 2065 765 2130 editi
800 2085 920 2150 per
965 2067 1259 2132 Paulum
1290 2067 1621 2147 Navium,
1652 2066 2008 2144 Venetam,
2037 2066 2222 2149 apud
2254 2065 2628 2151 Gryphios,

408 2186 587 2233 anno
629 2168 826 2233 1576.
871 2167 939 2233 8.
1026 2170 1170 2234 Diu
1222 2169 1581 2234 editionem
1620 2170 1798 2236 hanc
1846 2170 2295 2253 quaesiveram
2345 2169 2628 2249 frustra;

409 2271 678 2336 tandem
706 2291 797 2336 ex
825 2272 1045 2357 gratia
1085 2278 1155 2338 et
1195 2269 1530 2338 beneficio
1574 2273 1987 2357 perillustris
2030 2271 2240 2338 Dom.
2269 2271 2354 2336 de
2383 2270 2629 2335 Bunau

408 2372 608 2459 hujus
648 2393 922 2460 quoque
961 2375 1121 2440 mihi
1164 2376 1368 2460 copia
1407 2375 1587 2441 facta
1629 2384 1754 2440 est.
1844 2371 1980 2439 Sed
2024 2393 2131 2438 res
2165 2371 2628 2458 expectationi

410 2477 628 2541 minus
672 2478 1036 2562 respondit.
1126 2475 1395 2544 Navius
1438 2478 1556 2543 ille
1601 2479 1670 2542 in
1714 2475 1819 2542 bis
1864 2475 2305 2560 Panegyricis
2344 2473 2628 2541 edendis

404 2595 534 2645 non
565 2581 929 2647 admodum
961 2580 1098 2648 fuit
1126 2599 1384 2664 nawsg
1427 2582 1499 2646 in
1549 2577 1984 2656 Praet'atione,
2025 2582 2264 2644 nescio
2299 2598 2524 2663 quam,
2554 2577 2629 2642 in

408 2682 595 2748 hisce
628 2684 1064 2769 Panegyricis
1094 2679 1525 2750 emendandis
1567 2683 1960 2748 industriam
2000 2681 2244 2766 jactat.
2332 2687 2352 2716 ³
2386 2679 2627 2759 Quan-

409 2784 599 2865 tum‚’
638 2787 876 2870 inquit,
927 2791 948 2821 ‘
980 2783 1193 2852 nostrl
1227 2785 1437 2852 studii
1467 2786 1674 2850 fuerit
1703 2786 1774 2849 in
1802 2785 1903 2849 his
1934 2783 2395 2860 emendandis,
2423 2781 2628 2848 corri-
2731 2859 2734 2860 ⁷

407 2889 778 2974 gendlsque
810 2890 1276 2974 Panegyricis,
1305 2889 1608 2972 optimus
1638 2888 1935 2972 quisque
1978 2905 2388 2969 cognoscere
2429 2889 2624 2970 pote-

408 2994 509 3072 rit,
541 3010 695 3058 cnm
732 2993 1166 3070 intellexerit,
1214 2993 1471 3058 nullum
1513 2993 1714 3058 nobis
1763 2992 1950 3057 aliud
1991 2989 2347 3072 exemplar
2376 3006 2623 3071 suppe-

408 3096 621 3176 tiisse,
651 3096 784 3161 nisi
814 3097 1006 3176 illud,
1037 3096 1222 3182 quod
1271 3097 1479 3162 multo
1524 3103 1679 3161 ante
1725 3094 1999 3179 quidam
2045 3091 2452 3157 Franciscus
2481 3089 2626 3156 Pu-

406 3198 718 3263 teolanus
757 3217 891 3263 non
927 3200 1099 3264 satis
1131 3199 1492 3281 diligenter
1521 3196 1941 3278 recognovit.
2031 3194 2439 3278 Quanquam
2469 3193 2624 3276 ipse

405 3300 492 3364 de
524 3320 601 3365 se
650 3300 911 3379 referat,
956 3285 1467 3383 diligentissime
1496 3300 1914 3383 recognovit.
2002 3297 2166 3378 Qui,
2196 3304 2444 3381 praeter
2474 3296 2623 3381 typi

405 3397 921 3481 deformitatem,
939 3402 1311 3488 (praetereo
1335 3401 1523 3468 illum
1555 3403 1760 3467 Plinii
1786 3400 2083 3485 Trajano
2114 3400 2392 3478 dictum,
2412 3417 2622 3485 quem

402 3522 557 3571 cum
588 3506 837 3572 ceteris
868 3505 1013 3591 ejus
1050 3506 1326 3590 scriptis
1367 3508 1452 3571 ad
1495 3525 1778 3589 unguem
1809 3506 2028 3571 Aldus
2072 3504 2300 3568 senior
2329 3502 2519 3579 vidit,
2550 3510 2624 3567 et

403 3611 794 3696 impressit,)
816 3612 1167 3679 verborum
1202 3612 1835 3688 inemendationem,
1860 3609 2099 3694 puncti
2129 3609 2422 3685 lituram,
2446 3606 2623 3672 ordi-

400 3731 552 3779 nem
600 3733 874 3798 quoque
922 3718 1297 3797 temporum
1353 3719 1420 3779 et
1487 3716 1973 3797 imperatorum
2041 3710 2336 3785 invertit,
2386 3716 2453 3774 et
2498 3708 2620 3792 qui

400 3817 658 3902 priores
689 3822 905 3889 erant,
937 3817 1347 3901 posteriores
1378 3818 1625 3882 emisit.
1700 3816 1770 3881 N
1773 3835 1850 3880 os
1881 3834 2066 3890 vero,
2096 3813 2223 3878 etsi
2255 3813 2618 3896 impresso·

396 3940 539 3986 rum
574 3919 832 3986 incuria
860 3920 1122 4005 aliquid
1152 3922 1247 3985 sit
1279 3920 1837 4005 praetermissum,
1873 3924 1946 3981 ut
1979 3916 2353 4001 potuimus,
2386 3915 2616 3980 obser-

398 4024 734 4102 vavimus,
763 4043 846 4089 ne
877 4023 1039 4107 quid
1079 4023 1302 4089 adhuc
1346 4044 1551 4089 nemo
1594 4021 1882 4107 amplius
1910 4020 1981 4084 in
2011 4017 2096 4084 iis
2129 4023 2506 4101 expeteret,
2540 4022 2619 4083 ut

394 4127 465 4191 in
496 4126 653 4191 aliis
681 4126 888 4192 etiam
918 4127 1109 4191 libris
1138 4134 1474 4212 perpetuo
1497 4124 1872 4212 praestituri
1895 4141 2152 4187 sumus.
2206 4121 2617 4205 Argumenta

393 4229 815 4316 adjecimus3
860 4229 933 4328 in
963 4230 1234 4315 quibus,
1263 4231 1407 4315 qui,
1435 4228 1708 4317 quando
1750 4225 2042 4313 imperio
2088 4223 2297 4311 potiti
2336 4227 2514 4304 sunt,
2543 4230 2614 4289 et
