3084 4959
481 335 655 405 1358
1119 348 1451 400 numum!
1501 345 2045 398 muneramus
2120 362 2127 369 ·

483 501 716 567 fortior
754 503 978 563 tamen
1020 503 1152 575 est,
1182 497 1302 580 qui
1328 496 1552 561 calcat
1586 495 1824 561 iratos.
1909 495 1976 561 5.
2016 490 2683 578 Renovasti,·1mpe-

485 614 690 683 rator,
737 609 1032 670 veterem
1079 601 1267 666 illam
1315 599 1613 665 Romani
1669 599 1932 684 imperii
1988 597 2331 676 fiduciam,
2382 618 2536 682 quoe
2576 599 2687 667 de

485 710 711 795 captis
779 707 1074 772 hostium
1140 703 1422 769 ducibus
1475 702 1845 770 vindictam
1917 709 2131 768 morte
2202 701 2531 767 sumebat.
2617 702 2687 770 6.

486 814 681 880 Tunc
725 811 900 877 enim
949 807 1207 893 captivi
1251 825 1468 890 reges,
1518 825 1672 871 cnm
1719 825 1765 870 a
1814 807 2024 890 portis
2068 824 2289 889 usque
2331 803 2422 871 ad
2469 804 2688 881 forum

486 914 1033 1000 triumphantium
1063 930 1296 977 currus
1320 911 1797 985 honestassent,
1831 909 2035 973 simul
2075 915 2275 992 atque
2305 907 2374 972 in
2404 906 2688 992 Capito-

487 1020 649 1085 lium
679 1035 944 1084 currum
983 1015 1249 1080 flectere
1292 1022 1599 1098 ooeperat
1636 1014 2025 1096 imperator,
2050 1012 2315 1094 abrepti
2353 1009 2425 1075 in
2467 1029 2692 1099 carnos

490 1141 654 1199 rem,
697 1120 1138 1185 necabantur.
1223 1117 1291 1182 7.
1334 1115 1534 1181 Unus
1582 1115 1877 1194 Perses,⁸
1918 1115 2072 1198 ipso
2125 1113 2366 1192 Paulo,
2411 1113 2532 1197 qni
2577 1112 2690 1179 de-

491 1225 762 1291 dentem
830 1226 1247 1306 susceperat,
1299 1219 1712 1304 deprecante,
1770 1218 1987 1302 legem
2055 1218 2237 1283 illius
2308 1216 2692 1282 severitatis

490 1326 730 1393 evasit.
801 1324 1023 1392 Ceteri
1049 1342 1303 1402 omnes,
1331 1323 1399 1387 in
1427 1321 1722 1388 vinculis
1752 1306 1914 1387 luce'
1930 1323 2205 1405 privati,
2232 1320 2390 1389 aliis
2418 1320 2692 1404 regibus

493 1430 739 1495 dedere
784 1429 1280 1504 documentum,
1322 1430 1396 1491 ut
1443 1425 1715 1489 mallent
1761 1424 2127 1490 amicitiam
2174 1424 2396 1489 colere
2429 1421 2692 1489 Roma-

493 1552 673 1612 nam,
727 1550 933 1619 quam
986 1549 1386 1615 exasperare
1436 1528 1797 1614 justitiam.
1884 1527 1951 1593 8.
1995 1526 2195 1593 Adeo
2242 1533 2310 1593 et
2357 1527 2488 1591 boc
2532 1528 2694 1593 boni

493 1638 752 1704 confert
808 1656 1017 1721 poena
1074 1634 1381 1700 hostibus
1435 1632 1748 1717 irrogata,
1806 1637 1884 1697 ut
1938 1651 2071 1697 non
2144 1632 2362 1697 solum
2438 1629 2695 1695 inimici

492 1740 782 1806 ferocire
821 1758 963 1805 non
1006 1738 1314 1816 audeant,
1363 1734 1487 1801 sed
1528 1735 1738 1801 etiam
1781 1736 1982 1802 amici
2023 1737 2395 1822 impensius
2439 1752 2695 1800 revere-

497 1850 709 1909 antur.
1514 1854 1520 1860 ·

585 1943 766 2011 cn.
815 1959 928 2011 XI.
1014 1944 1082 2011 1.
1128 1942 1301 2010 Inde
1330 1943 1533 2027 igitur
1576 1949 1705 2023 est,
1749 1940 2155 2028 Imperator,
2193 1962 2336 2028 pax
2371 1944 2529 2020 ista,
2560 1960 2699 2027 qua

495 2049 792 2114 fruimur.
883 2046 1128 2132 Neque
1171 2046 1348 2111 enim
1385 2046 1531 2131 jam
1576 2045 1792 2113 Rheni
1822 2049 2219 2132 gurgitibuS,
2254 2046 2372 2111 sed
2404 2047 2696 2111 nominis

498 2152 594 2216 tui
641 2158 885 2216 terrore
936 2150 1291 2215 munimur.
1381 2147 1779 2226 Quamlibet
1827 2151 1939 2215 ille
1993 2155 2111 2216 au‘t
2170 2158 2440 2216 arescat
2494 2155 2698 2228 aestu,

500 2262 621 2319 aut
647 2253 913 2318 resistat
939 2252 1113 2336 gelu,
1144 2255 1381 2319 neutro
1408 2250 1626 2317 bostis
1666 2252 1945 2318 audebit
1970 2254 2074 2317 uti
2106 2252 2305 2319 vado.
2388 2252 2454 2317 2.
2501 2251 2705 2318 Nihil

502 2356 680 2423 enim
732 2364 871 2421 tam
918 2354 1364 2440 insuperabili
1403 2355 1588 2419 vallo
1639 2362 1873 2422 natura
1917 2355 2298 2442 praecludit,
2329 2356 2514 2441 quod
2566 2375 2701 2421 non

1428 2521 1771 2547 mmo&

500 2620 728 2686 Guelpb.
749 2620 955 2687 fiducia,
975 2636 1024 2686 q.
1046 2623 1108 2672 de
1127 2623 1409 2687 capitia—'1
1439 2623 1577 2674 Um
1604 2638 1691 2689 per
1721 2639 1774 2674 ee
1811 2622 1934 2673 edd.
1970 2630 2094 2674 ante
2129 2622 2289 2673 Grnt.
2357 2624 2495 2674 Unus
2532 2623 2705 2673 Penes

501 2690 635 2743 Exc.
659 2689 824 2751 Lang.
844 2687 1003 2737 Grut.
1026 2696 1080 2737 et
1104 2696 1328 2741 recente.
1389 2690 1525 2739 Unus
1548 2690 1754 2740 Perseus
1774 2690 1964 2750 Faber,
1994 2689 2201 2740 Acidal.
2235 2695 2291 2739 et
2323 2689 2461 2739 Van.
2498 2688 2703 2739 Hoveu.

506 2754 645 2805 otiis
669 2754 796 2803 Litt.
815 2761 937 2802 tom.
962 2766 1002 2802 1.
1027 2768 1078 2817 p.
1098 2757 1180 2806 52.
1224 2755 1462 2804 sedentem
1479 2770 1531 2805 se
1541 2761 1788 2818 occeperat
1803 2755 1925 2805 edd.
1946 2763 2077 2806 vett.
2129 2756 2374 2805 dedentem
2392 2770 2443 2804 ee
2460 2760 2706 2817 acceperat

502 2820 625 2868 vet.
645 2818 812 2868 Livin.
832 2818 1036 2868 Bertin.
1062 2826 1116 2868 et
1138 2820 1213 2870 eie
1234 2819 1374 2883 conj.
1402 2819 1607 2873 Acidal.
1648 2821 1893 2871 dedentem
1908 2836 1958 2870 ee
1977 2825 2164 2884 ceperat
2181 2822 2310 2870 Exc.
2328 2821 2493 2878 Lang.
2533 2821 2708 2869 deden·

502 2890 599 2934 tm
614 2885 743 2944 sede,
766 2884 845 2932 vel
866 2884 976 2933 sede
994 2886 1237 2935 dedentem
1255 2900 1307 2934 ee
1326 2891 1574 2948 acceperat
1596 2887 1642 2933 le
1680 2887 1696 2935 i
1709 2886 1865 2949 jubet
1891 2886 2001 2935 Van
2034 2885 2236 2936 Hoven.
2281 2888 2520 2937 decentem
2554 2899 2709 2934 uece-

359 2972 390 3011 3
495 2954 637 3014 perot
660 2949 782 2999 Vct.
803 2950 1031 2999 Putean.
1078 2955 1349 3015 susceperat
1371 2952 1526 3001 etiam
1551 2950 1637 3001 Gu
1676 2983 1691 3000 .
1712 2960 1767 3002 et
1791 2952 1968 3003 Moerl.
2022 2951 2160 3000 Vide
2193 2951 2345 3003 Nott.
2371 2952 2527 3000 Varr.
2583 2950 2707 3011 legio

505 3016 636 3065 illiue
666 3017 966 3079 severitatem
988 3015 1193 3066 emend.
1226 3017 1446 3067 Ritters.
1510 3016 1660 3075 Mox,
1681 3031 1841 3067 omnes
1861 3017 2009 3067 deest
2043 3016 2094 3069 in
2136 3016 2308 3067 Rivin.
2338 3023 2394 3068 et
2431 3016 2551 3065 edd.
2584 3023 2706 3065 ante

506 3080 665 3131 Grut.
683 3087 826 3130 extat
851 3080 904 3129 in
921 3080 1225 3133 Vet.Livin.
1248 3081 1449 3132 Bertin.
1467 3082 1697 3147 Guelpb.
1712 3082 1837 3132 edd.
1858 3083 2076 3146 Cuspin.
2096 3082 2252 3133 Grnt.
2272 3089 2328 3132 et
2351 3087 2573 3132 reeentt.
2607 3082 2707 3130 luce

499 3145 707 3209 privam·
753 3145 978 3209 Gnelpb.
1043 3146 1363 3197 Romnum-2
1406 3147 1578 3197 Rivin.
1617 3156 1676 3200 et
1711 3147 1834 3198 edd.
1874 3157 2006 3200 vett.
2066 3148 2329 3198 Romamn
2370 3149 2492 3197 Vet.
2535 3146 2709 3207 Livio.

505 3210 710 3260 Bertin.
729 3208 959 3274 Gnelpb.
984 3210 1154 3260 Livin.
1179 3212 1335 3263 Grnt.
1367 3220 1423 3261 et
1446 3221 1666 3263 recentt.
1730 3222 1747 3245 ⁸
1766 3213 1830 3263 In
1868 3214 1954 3266 ed.
1978 3214 2214 3263 Pataroli
2236 3219 2355 3280 poet
2382 3215 2707 3263 ammentum

507 3283 592 3325 eet
610 3272 776 3326 τελεία
796 3273 995 3340 στιγμὴ,
1023 3276 1225 3326 ominis
1265 3277 1458 3340 verbis,
1496 3284 1549 3328 ut
1583 3280 1775 3329 manent
1799 3310 1814 3327 .
1841 3310 1856 3326 .
1881 3312 1896 3328 .
1920 3311 1936 3327 .
1952 3277 2218 3338 justitiam.
2285 3279 2457 3328 Credo
2477 3291 2706 3327 errorem

508 3355 624 3391 esee
658 3354 966 3403 operarum3
1002 3355 1117 3389 nam
1142 3341 1196 3390 in
1220 3343 1558 3392 translatione
1583 3343 1851 3393 verborum
1875 3345 2175 3393 omissorum
2199 3344 2510 3395 senteutiam
2533 3343 2708 3407 expri-

506 3404 636 3457 mit!
656 3406 941 3466 degere—8
965 3406 1173 3455 Puteal.
1194 3412 1497 3457 revertantur
1508 3425 1532 3468 ,·
1565 3410 1783 3472 cuspin.
1805 3415 1854 3459 te
1876 3415 2143 3460 vereantur.

574 3471 709 3521 CAP.
730 3482 810 3520 ιι.
864 3475 891 3519 1
915 3471 1036 3520 Inde
1054 3476 1126 3520 eet
1157 3470 1315 3532 igitur
1337 3472 1455 3521 edd.
1478 3483 1602 3522 ante
1623 3473 1809 3525 Arntz.
1858 3474 1981 3525 Inde
2017 3475 2175 3537 igitur
2209 3480 2279 3525 est
2306 3474 2422 3524 Vet.
2450 3474 2617 3524 Livin.
2650 3481 2711 3525 et

508 3534 735 3601 Guelpb.
787 3536 841 3585 in
869 3534 1138 3597 Rhem‘jam
1160 3535 1283 3584 edd.
1308 3545 1440 3587 vett.
1486 3537 1539 3589 in
1563 3538 1745 3589 delent
1765 3540 1884 3590 Vct.
1911 3540 2081 3591 Livin.
2105 3542 2230 3589 Vet.
2250 3541 2479 3591 Putean.
2503 3540 2713 3591 Bertin.

510 3608 566 3651 et
585 3601 658 3651 sic
679 3601 813 3666 conj.
836 3599 1038 3649 Acidal.
1090 3601 1198 3662 Jam
1221 3600 1380 3652 Rheni
1412 3618 1440 3652 e
1464 3603 1584 3653 Vet.
1620 3605 1848 3655 Putean.
1876 3614 1930 3654 et
1955 3607 2074 3655 Vet.
2101 3606 2265 3659 Livin.
2287 3608 2485 3670 primus
2510 3605 2713 3673 recepit

509 3667 696 3718 Arntz.
742 3667 921 3716 residat
937 3666 1053 3729 gelu
1073 3666 1193 3717 edd.
1219 3674 1347 3717 vett.
1365 3677 1417 3719 et
1444 3668 1620 3718 Rivin.
1667 3671 1864 3720 resistat
1881 3672 1995 3733 gelu
2015 3673 2137 3721 Vet.
2158 3671 2327 3720 Livin.
2352 3671 2555 3721 Bertin.
2580 3672 2712 3721 Exc.

510 3733 673 3796 Lang.
692 3731 917 3796 Guelpb.
938 3731 1092 3782 Grut.
1110 3742 1168 3782 et
1191 3737 1515 3784 τωρωι-2
1537 3735 1684 3785 Nihil
1703 3741 1820 3791 tem,
1839 3737 2026 3786 omissa
2049 3751 2176 3787 voce
2194 3737 2339 3801 euim,
2361 3737 2535 3787 Moeri.
2584 3751 2713 3801 pra-

509 3800 652 3851 cluit
680 3798 802 3850 edd.
838 3803 962 3851 ante
989 3798 1175 3859 Arma.
1225 3800 1476 3862 praeludit
1509 3800 1638 3851 Vet.
1668 3802 1840 3853 Livin.
1880 3803 2086 3853 Bertin.
2121 3803 2297 3853 Moerl.
2329 3812 2386 3852 et
2414 3801 2557 3852 Gud.
2606 3817 2716 3866 epe·

1505 3935 1721 3991 NOTAE

577 4039 598 4066 ⁸
627 4031 765 4082 Unus
788 4030 985 4094 Perses]
1017 4033 1209 4083 Pernen
1233 4031 1579 4084 Macedonum
1661 4035 1865 4100 pbalem
1887 4049 2095 4088 currum
2118 4037 2310 4088 ductus
2330 4046 2432 4089 est.
2465 4037 2719 4088 vicatim

513 4122 607 4160 rex
622 4124 705 4160 an.
729 4108 797 4159 U.
812 4109 873 4160 C.
890 4113 1005 4160 576.
1028 4109 1274 4175 Philippo
1296 4110 1437 4175 patri
1459 4125 1579 4162 sne·-
1652 4115 1852 4166 liban.
1867 4115 2064 4168 Juntin.
2080 4115 2173 4166 lib.
2191 4129 2411 4166 xxxin.
2443 4116 2717 4167 Plutarch.

515 4186 689 4236 cessit.
716 4185 771 4235 1⁸
789 4185 1060 4237 undecimo
1076 4182 1347 4253 pdet'anno
1361 4203 1393 4238 a
1408 4187 1578 4240 Panlo
1656 4193 1710 4244 in
1731 4192 1901 4245 Paulo
1924 4194 2097 4246 AEmil.
2120 4193 2257 4245 Ven.
2274 4193 2491 4245 Patere.
2511 4196 2606 4244 etc.

517 4264 719 4319 AEmilio
738 4265 905 4317 victus
924 4272 1043 4320 ante
1064 4268 1275 4321 victoris
1290 4269 1369 4320 eui
1389 4268 1570 4322 trium-
