3084 4959
2415 366 2588 432 1268

483 527 662 593 CAP.
695 540 875 593 xxx.
959 528 1024 592 1.
1069 525 1182 591 Ibi
1210 527 1728 593 fortissimorum
1774 525 2248 610 Imperatorum
2275 529 2586 612 pulcher-

395 632 584 697 rimae
608 651 713 696 res
732 638 944 712 gestae
964 650 1084 714 per
1105 628 1371 694 diversa
1393 629 1734 710 regionum
1757 636 2141 713 argumenta
2162 631 2591 713 recoluntur?-

397 735 555 799 dum
588 734 984 811 calentibuS,
1015 751 1417 818 semperque
1441 733 1864 798 venientibus
1889 734 2310 799 victoriarum
2338 736 2591 800 nuntiis

395 839 775 905 revisuntur
802 836 1069 921 gemina
1097 835 1421 900 Persidos
1449 833 1784 911 flumina,‘²
1830 842 1897 901 et
1926 836 2164 920 Libyae
2187 844 2211 874 ⁹
2250 857 2414 902 arva
2442 839 2586 904 siti-

396 943 600 1019 entia,
628 949 700 1006 et
745 940 1051 1006 connexa
1099 939 1317 1004 Rheni
1369 935 1670 1017 cornua,f
1707 947 1779 1004 et
1831 939 1896 1005 N
1900 939 2016 1004 ili⁸
2060 960 2182 1005 ora
2219 940 2588 1021 multifida;

397 1045 464 1110 2.
510 1044 803 1128 dumque
830 1044 964 1109 sibi
994 1042 1082 1108 ad
1112 1043 1261 1108 haec
1304 1042 1566 1126 singula
1607 1044 1996 1109 intuentium
2041 1045 2302 1109 animus
2345 1043 2594 1127 affingit

337 1148 342 1153 ’
399 1154 517 1213 aut
555 1147 684 1212 sub
729 1155 870 1222 tua,
908 1144 1337 1211 Diocletiane
1382 1144 1714 1230 Auguste,
1764 1143 2152 1212 elementia¹²
2195 1148 2589 1232 AEgyptnm,

395 1252 618 1316 furore
664 1251 916 1334 posite,
964 1250 1464 1334 quiescentem3
1525 1256 1647 1315 aut
1688 1258 1783 1329 te,
1837 1251 2252 1316 Maximiane
2312 1252 2586 1329 invicte,

399 1355 715 1437 perculsa
743 1348 1159 1418 Maurorumi
1186 1352 1453 1435 agmina
1470 1350 1930 1417 fulminantem
1955 1372 1976 1433 ς
2020 1358 2135 1417 aut
2156 1353 2285 1419 sub
2309 1352 2588 1418 dextera

400 1464 534 1535 tua,
563 1456 836 1522 domine
868 1454 1248 1533 Constanti,
1278 1452 1681 1533 Bataviam‚³'
1711 1451 2303 1540 Britanniamque*
2334 1456 2586 1539 squali-

854 381 999 431 PRo
1051 379 1413 429 insi-Aua.
1456 378 1799 428 senonis.
1875 380 1977 426 iv.
2020 364 2127 430 21.

1316 1636 1677 1658 OOWOM

464 1753 596 1803 cn.
617 1766 737 1803 xxr.
807 1757 834 1801 1
864 1751 957 1802 Ubi
992 1751 1117 1799 Vet.
1138 1751 1365 1800 Putean.
1384 1753 1654 1802 recolantur
1674 1752 1800 1801 Vet.
1825 1749 1991 1801 Livin.
2013 1752 2174 1815 Cusp.
2192 1752 2423 1803 Rhenau.
2458 1767 2585 1802 reco-

397 1820 561 1869 luntur
579 1820 704 1868 Vet.
728 1819 951 1868 Putean.
974 1823 1029 1866 et
1053 1816 1278 1876 Guelph.
1328 1818 1603 1867 revisuntur
1621 1817 1803 1882 perfida
1819 1816 2030 1880 flumina
2052 1817 2171 1866 edd.
2194 1819 2429 1883 quaedam
2454 1826 2586 1870 vett.

396 1886 667 1936 revisuntur
699 1884 891 1946 gemina
913 1882 1141 1931 Persidos
1160 1880 1370 1946 flamina
1403 1884 1557 1932 codd.
1581 1882 1807 1947 Guelph.
1830 1883 1957 1933 Vet.
1986 1883 2206 1933 Putean.
2239 1884 2440 1934 Bertin.
2461 1883 2586 1934 Vet.

398 1951 564 2001 Livin.
594 1949 825 2013 ‘Cuspim
857 1948 1032 1998 Μαι-Ι.
1066 1947 1235 1997 Paris.
1276 1946 1469 1999 Cellar.
1502 1948 1739 1998 Patarol.
1809 1949 2084 1998 revisuntur
2112 1948 2342 1999 ,Persidos
2359 1949 2587 2013 flumina,

485 2016 497 2028 .
869 2014 880 2025 .
1039 2012 1051 2024 .
1091 2013 1103 2025 .
1504 2017 1520 2042 ς
1934 2014 1946 2025 .
2534 2014 2546 2025 .

399 2012 1481 2153 231&ss.”.:’.⁰1·„÷⁸:÷:¹,·.²²÷‚‘¹.’.372251250'5211'3..
1502 2013 1951 2144 ΡΞῖῗΜέἕᾱῖᾝὲ
1964 2014 2174 2128 ‘mi
2183 2015 2406 2129 ‘itm‘
2418 2022 2588 2129 {2²41}

398 2147 504 2194 sint
526 2159 776 2201 connexa.
800 2141 1011 2197 difficile
1034 2150 1115 2193 est
1137 2143 1421 2206 explicatu.
1488 2145 1674 2193 Potior
1695 2144 1869 2207 itaque
1885 2151 1967 2194 est
1983 2144 2239 2208 scriptura
2251 2145 2368 2195 cod.
2388 2145 2589 2194 Bertin.

397 2219 455 2262 et
479 2211 632 2275 Cusp.
656 2226 810 2275 quam
832 2209 1180 2259 Schonhovins
1202 2222 1408 2273 quoqne
1433 2207 1486 2257 in
1510 2223 1675 2273 marg.
1698 2209 1783 2259 ed.
1809 2210 1971 2261 Rhen.
2002 2212 2223 2266 notavit,
2246 2218 2302 2261 et
2324 2225 2474 2275 quam
2497 2223 2589 2261 ex·

397 2277 545 2326 hibet
568 2275 685 2326 cod.
710 2276 931 2325 Puteani
955 2281 1011 2323 et
1035 2274 1209 2323 Μαι-Ι.
1226 2286 1456 2337 convexa,
1477 2274 1528 2324 h.
1554 2289 1604 2325 e.
1629 2275 1830 2324 sinuata
1850 2276 1902 2324 in
1924 2273 2136 2325 arcum!
2156 2276 2442 2338 Jaeger.-2
2464 2274 2589 2324 Aci-

398 2342 565 2392 dalius
589 2340 724 2403 conj.
744 2341 931 2391 animus
950 2341 1167 2406 effingin
1199 2354 1353 2402 quam
1377 2343 1726 2402 conjecturam
1764 2339 1817 2389 in
1857 2348 2155 2390 contextum
2180 2341 2386 2390 admisit
2418 2341 2588 2390 Rivin.

399 2408 582 2458 animas
601 2409 749 2474 afficit
768 2406 1016 2457 exhibent
1038 2405 1262 2468 Guelph.
1285 2412 1340 2455 et
1364 2405 1535 2455 Moert.
1601 2406 1752 2462 Mox,
1770 2406 1927 2457 iidem
1946 2405 2097 2457 codd.
2116 2407 2290 2473 orbem,
2313 2408 2504 2471 egypto
2535 2407 2588 2455 in

1387 2569 1604 2620 NOTAE

400 2684 654 2735 mundos)
719 2685 781 2734 L.
811 2683 1041 2735 Annaeus
1078 2685 1262 2734 Florus
1309 2684 1456 2734 initio

399 2762 621 2811 historiae
641 2777 775 2813 suae:
798 2763 814 2790 ‘
831 2760 1080 2823 Faciam‚'
1093 2761 1303 2826 inquit,‘
1319 2762 1456 2825 quod

401 2838 589 2894 solent,
623 2839 711 2902 qui
753 2844 1007 2886 terrarum
1040 2839 1165 2887 situs
1201 2836 1456 2900 pingunt3

398 2915 452 2963 in
475 2914 617 2964 brevi
642 2914 785 2979 qnasi
808 2913 1003 2963 tabella
1028 2912 1255 2964 historiae
1277 2914 1456 2980 imagi·

402 3004 520 3041 nem
542 2989 892 3059 amplectar&

465 3074 487 3100 θ
524 3064 836 3128 Rea-aluntur]
867 3064 948 3113 Ad
971 3066 1334 3131 geographiam
1351 3064 1458 3116 dis·

403 3143 619 3192 cendam
656 3142 838 3194 mirum
871 3147 1119 3207 qnantum
1156 3143 1325 3208 prosit
1352 3143 1458 3194 his·

403 3221 553 3270 toris.

466 3296 489 3330 ἃ
527 3298 731 3347 Gemina
772 3298 1002 3348 Persidos
1024 3296 1257 3364 fiumina]
1291 3295 1458 3360 Tigris

402 3381 459 3422 et
494 3374 802 3438 Euphrates,
835 3374 901 3423 de
933 3374 1118 3438 quibus
1152 3386 1323 3436 supra,
1358 3373 1458 3422 Pa·

402 3464 520 3514 neg.
547 3465 635 3500 ιιι.
659 3456 709 3501 6.
732 3456 783 3501 7.

466 3534 490 3560 θ
509 3526 701 3592 Libya]
726 3528 1213 3593 Quinquegentanas
1228 3526 1460 3578 nationes

399 3605 665 3666 intelligit,
701 3605 775 3654 ita
804 3603 972 3655 dictas
1009 3619 1041 3653 a
1072 3604 1301 3670 quinque
1337 3605 1460 3655 civi·

404 3681 599 3732 tatibus
645 3681 884 3745 Cyrenis,
925 3681 1268 3738 Ptolemaide,
1309 3679 1457 3732 Arsi·

402 3755 524 3820 noe,
568 3770 682 3819 qnae
737 3764 790 3806 et
830 3756 1103 3819 Tenchira‚
1148 3755 1360 3813 Darnis,
1405 3764 1461 3808 et

402 3833 694 3883 Berenice:
730 3833 944 3896 singulae
966 3833 1102 3882 enim
1127 3832 1179 3880 in
1203 3830 1385 3895 Libya.

469 3908 491 3942 f
520 3912 748 3960 Conaexs
772 3909 932 3960 Rheni
958 3908 1157 3973 cornua]
1188 3907 1459 3971 Virg.AEn.

404 4001 489 4039 ιι.
523 3990 539 4016 ‘
558 3989 866 4052 Rhenusque
889 3986 1147 4037 bicornis!
1189 3986 1374 4037 Claud.
1390 3986 1457 4037 de

403 4064 565 4115 Laud.
608 4063 778 4114 Stilic.
822 4078 864 4115 ι.
902 4067 1020 4113 220.
1078 4064 1097 4092 ‘
1121 4062 1458 4127 Rhenumque

403 4141 657 4191 minacem
712 4141 967 4191 Cornibus
1024 4136 1282 4191 infractis.
1324 4140 1456 4190 adeo

403 4217 674 4268 mitescere
713 4214 896 4282 cogis.’
962 4217 1029 4267 Et
1064 4216 1120 4267 in
1153 4215 1313 4265 Cous.
1346 4214 1458 4264 Ho-

403 4293 568 4344 norii:
617 4294 879 4359 ‘Tempus
918 4295 1021 4346 erit
1059 4307 1179 4346 curn
1218 4299 1272 4344 te
1316 4298 1461 4343 trans

1539 2687 1707 2736 Rheni
1724 2687 2095 2737 cornuavictor
2108 2686 2144 2748 ς’
2164 2687 2280 2751 quia
2297 2687 2432 2736 enim
2454 2686 2589 2736 Rhe-

1537 2775 1633 2811 nus
1657 2762 1708 2811 in
1731 2761 1861 2812 duas
1880 2770 2058 2827 partes
2079 2777 2135 2812 se
2158 2761 2326 2825 findit,
2343 2777 2456 2825 quae
2477 2777 2591 2811 cor-

1537 2850 1694 2887 nuum
1725 2838 1888 2888 veluti
1915 2838 2142 2901 speciem
2177 2836 2431 2902 referunt,
2461 2838 2590 2888 dici-

1538 2921 1625 2964 tur
1649 2916 1664 2942 ‘
1687 2913 1952 2965 bicornis.'

1602 2999 1628 3035 s
1660 2990 1792 3054 Nili]
1842 2993 1928 3041 De
1972 2990 2097 3040 Nilo
2138 2990 2331 3040 celebri
2376 2986 2592 3056 AEgypti

1536 3064 1697 3117 fluvio
1735 3068 1931 3118 dictum
1977 3074 2058 3117 est
2102 3067 2154 3116 in
2199 3067 2355 3117 Plinii
2390 3068 2593 3133 Paneg-

1536 3157 1656 3206 cap.
1682 3158 1823 3195 xxx.

1602 3217 1628 3253 ¹¹
1663 3221 1949 3286 Clementia]
1983 3221 2066 3271 Ne
2083 3226 2188 3270 tam
2213 3219 2448 3286 quidemz
2471 3235 2589 3271 nam

1538 3295 1819 3348 interfecto
1843 3298 2176 3348 Alexandriae
2196 3297 2449 3355 Achilleo,
2465 3301 2590 3349 Dio-

1537 3375 1792 3426 cletianus
1814 3376 2006 3427 acerbe
2032 3376 2248 3426 victoria
2270 3391 2408 3432 usus,
2430 3384 2590 3426 totam

1539 3453 1816 3518 IEgyptnm
1848 3454 2088 3517 gravibus
2130 3452 2593 3516 proscriptionibus

1539 3530 1871 3594 cudibusque
1915 3529 2149 3579 foedavit.
2206 3527 2330 3577 Vid.
2371 3528 2593 3592 Eutrop-

1540 3606 1731 3656 Euseb.
1754 3605 1805 3654 in
1830 3605 2019 3655 Chrcn.
2039 3614 2093 3654 et
2114 3604 2305 3653 Zonar.
2378 3600 2406 3639 ἱ

1603 3679 1619 3714 ¹
1650 3680 1955 3744 Maurorum]
1999 3681 2084 3729 De
2121 3679 2317 3728 Mauris
2354 3693 2383 3726 a
2419 3677 2592 3727 Maxi·

1539 3754 1712 3804 miano
1735 3754 1885 3805 victis
1920 3769 2077 3819 supra
2098 3752 2318 3803 diximus
2343 3754 2399 3803 in
2422 3754 2593 3805 Maxi-

1540 3831 1697 3880 miani
1720 3831 1864 3881 Vits.
2512 3841 2520 3850 ·

1600 3903 1620 3949 3
1663 3903 1944 3970 Bataoiam]
2031 3905 2185 3956 Unde
2259 3906 2590 3961 Constantius

1539 3985 1767 4035 Francos
1788 3984 2075 4047 expulerat.

1601 4058 1628 4094 Β
1650 4059 2070 4124 Britanniamque]
2102 4060 2270 4113 Quam
2293 4059 2431 4111 idem
2453 4062 2591 4113 Con-

1537 4138 1757 4189 stantius
1775 4136 1974 4189 decimo
1995 4137 2202 4190 tandem
2222 4152 2357 4189 anno
2374 4152 2593 4204 recupe-

1540 4220 1763 4266 reverat-
