3084 4959
449 379 628 449 1166

450 540 715 626 tegebat
740 535 1173 624 Euphrates,¹
1202 542 1565 623 antequam
1601 531 2041 636 Diocletiano
2088 541 2334 638 sponte
2371 554 2446 600 se
2469 533 2675 600 dede·

452 647 608 710 rent
632 661 836 727 regna
863 641 1271 708 Persarum.
1317 659 1550 706 verum
1579 639 1709 704 hoc
1751 637 1952 704 Jovis
1984 629 2157 703 suin
2198 629 2413 717 inore,
2455 641 2623 703 nutu
2643 645 2675 678 ⁸

452 745 575 812 illo
605 744 859 829 patrio,
904 762 1043 827 quo
1090 742 1316 808 omnia
1364 742 1912 813 contremiscunt,
1954 746 2025 805 et
2068 739 2425 824 majestate
2464 741 2675 805 vestri

451 846 743 914 nominis
771 851 1186 912 consecutus
1215 852 1349 910 est.
1434 845 1504 911 6.
1546 844 1657 908 'I'u
1702 850 1955 922 autem,
1986 842 2372 927 Imperator
2397 842 2672 922 invicte,

453 949 630 1016 feras
673 948 827 1014 illas
872 948 1373 1033 indomitasque
1423 952 1658 1031 gentes
1688 946 2099 1021 vastatione,
2144 939 2426 1028 praeliiS,
2469 944 2676 1010 caedi·

454 1052 609 1130 bus,
637 1051 814 1117 ferro
838 1050 1116 1136 ignique
1158 1050 1504 1116 domuisti.
1595 1047 1924 1114 Herculei
1979 1047 2244 1131 generis
2287 1048 2420 1113 hoc
2462 1046 2677 1113 fatum

457 1157 583 1230 est,
618 1157 758 1218 tuae
784 1151 1013 1218 virtuti
1042 1151 1288 1218 debere
1319 1150 1501 1236 quod
1528 1150 1864 1217 vindicas.
1940 1151 2009 1217 ¹7.
2041 1148 2308 1214 Exinde
2333 1150 2531 1232 igitur
2563 1167 2676 1214 so·

456 1255 604 1321 luto
636 1254 861 1320 animo
890 1273 974 1320 ac
999 1255 1209 1319 libero
1255 1272 1517 1320 snmus.
1604 1254 1797 1319 Licet
1827 1252 2110 1333 Rbenus
2142 1246 2433 1331 arescat,
2464 1250 2676 1316 tenui-

457 1375 595 1441 que
624 1357 826 1441 lapsu
854 1358 975 1425 vix
1007 1356 1197 1421 leves
1225 1356 1531 1422 calculos
1560 1356 1918 1440 perspicuo
1948 1354 2126 1421 vado
2156 1353 2389 1438 pellat,
2441 1352 2674 1417 nullus

457 1458 618 1526 inde
647 1463 875 1525 metus
898 1464 1024 1525 est.
1110 1455 1465 1543 Quicquid
1509 1458 1687 1524 ultra
1737 1456 2054 1524 Rhenum
2097 1454 2475 1540 prospicio,
2525 1453 2675 1519 Ro·

461 1578 736 1628 manum
763 1555 894 1627 est.
1268 1635 1277 1640 ,
2367 1549 2372 1554 ’

547 1661 731 1728 Car.
778 1678 952 1726 νιιι.
995 1662 1060 1726 l.
1102 1661 1222 1729 Sic
1261 1661 1384 1728 illa
1424 1663 1768 1747 quondam
1807 1653 2145 1727 Romanae'
2191 1660 2514 1745 potentiae
2560 1658 2678 1723 diu

460 1765 710 1833 oemula
736 1771 807 1831 et
831 1763 1107 1829 inimica
1137 1764 1515 1848 Carthago⁰
1544 1784 1588 1830 a
1615 1765 1866 1831 Publio
1895 1765 2224 1849 Scipione
2245 1762 2517 1827 devicta
2544 1767 2679 1838 est,

461 1885 616 1933 cum
646 1868 731 1949 ie,
755 1865 1048 1951 trajecto
1079 1865 1148 1931 in
1169 1864 1481 1953 'Africam
1505 1867 1839 1949 exercitu,
1863 1866 2319 1932 Hannibalem
2340 1863 2428 1930 ab
2453 1863 2677 1931 Italiae

1389 1996 1479 2019 Οὐδ
1454 1998 1537 2019 000
1541 1998 1752 2020 moen

1342 391 1796 443 ”animuum

464 2080 666 2159 recepit
688 2078 965 2132 cellarius.
1018 2077 1175 2129 ιιοιῦνί
1202 2078 1407 2129 nominis
1438 2080 1653 2130 Puteol.
1677 2084 1824 2132 14⁷6
1858 2079 2195 2130 Rhenan.1-l.
2221 2076 2677 2143 steph-etRivin.

463 2146 615 2198 vestri
635 2146 838 2196 nominis
865 2146 990 2195 Exc.
1017 2143 1312 2194 Schonhov.
1335 2145 1461 2195 Vet.
1487 2146 1713 2194 Puteau.
1750 2145 1875 2194 Ald.
1910 2153 1967 2194 et
2002 2152 2225 2195 recentt.
2227 2149 2324 2192 -6
2358 2144 2485 2194 Vct.
2511 2143 2680 2193 Livin.

463 2210 692 2261 invictum
760 2207 897 2260 Edd.
941 2215 1063 2259 aute
1105 2209 1353 2259 Arutzen.
1372 2210 1540 2269 sutum
1578 2215 1669 2274 est,
1707 2210 1883 2260 virtuti
1915 2210 2083 2260 debere
2105 2211 2229 2273 quod
2249 2208 2479 2258 vindicat.
2545 2208 2681 2258 Exc.

465 2277 619 2326 Vosn-
637 2274 862 2339 Guelph.
882 2283 937 2323 et
952 2274 1078 2324 Vct.
1101 2275 1304 2324 Bertin.
1327 2273 1504 2324 virtuti
1526 2279 1641 2323 luce.
1678 2275 1808 2326 Exc.
1824 2275 1975 2326 Voss.
2002 2226 2132 2327 Excq
2146 2273 2438 2325 Schonhov.
2455 2271 2681 2339 Guelph.

465 2341 589 2392 Vet.
612 2340 817 2390 Bertin.
838 2348 895 2390 et
919 2339 1131 2406 Cuspio.
1164 2339 1397 2389 viadicoer.
1462 2338 1603 2388 Vide
1628 2339 1786 2391 Nott.
1808 2341 1964 2390 Varr-

1467 2453 1517 2504 N
1524 2451 1686 2504 0¹1·AE

468 2549 764 2615 Euphraten
787 2550 1079 2609 tutabatur,
1099 2556 1376 2616 antequam
1403 2549 1535 2600 Per·
1617 2551 1835 2617 paludes
1860 2551 1990 2603 abit.

468 2641 542 2678 σε
563 2626 897 2678 Diocletiano
930 2634 1116 2690 sponte
1148 2642 1205 2678 se
1227 2627 1533 2689 dedissent;
1680 2636 1718 2663 ¹²
1746 2630 1885 2679 Jovis
1905 2628 2006 2692 sai]
2041 2629 2116 2679 Ut
2137 2626 2516 2686 Maximianum
2541 2625 2680 2676 Her·

468 2703 605 2769 quod
626 2717 710 2754 an.
732 2704 856 2754 Chr.
878 2707 993 2756 286.
1011 2711 1100 2754 aut
1117 2706 1233 2754 28⁷.
1250 2704 1534 2768 contigisse

468 2779 742 2831 observavi
765 2779 818 2830 in
840 2780 1162 2831 Diocletiani
1186 2781 1333 2831 Vita.
1381 2781 1536 2846 Syria

469 2864 643 2907 autem
679 2855 826 2921 regio
859 2856 999 2906 iuter
1032 2857 1372 2922 Euphratem.
1401 2856 1535 2908 Ara-

468 2932 623 2988 biam,
645 2936 701 2982 et
723 2944 865 2982 mare
887 2930 1353 2983 Mediterraneum.

532 3006 547 3041 ¹
578 3005 872 3071 Euphrates]
906 3007 986 3056 Ex
1003 3007 1380 3073 Pariedro‚qui
1395 3009 1536 3074 apud

467 3082 779 3134 Strabonem
802 3081 951 3134 Abus
974 3081 1188 3145 dicitnr,
1206 3082 1270 3132 ad
1290 3083 1534 3135 occiden-

473 3167 580 3210 tem
620 3159 853 3209 excurrit
897 3159 1136 3223 primum,
1169 3159 1291 3211 inde
1330 3159 1397 3211 ad
1428 3161 1536 3211 Au·

470 3240 637 3284 strum
658 3232 895 3290 flectens,
914 3234 1160 3299 majorem
1179 3232 1478 3286 Armeniam
1504 3251 1536 3286 a

474 3308 813 3374 Cappadocia
844 3316 898 3358 et
921 3308 1170 3359 Armenia
1190 3311 1390 3362 minore
1412 3310 1537 3362 diri-

472 3385 586 3449 mit‚
613 3390 723 3435 tum
757 3383 956 3449 Syriam
994 3391 1152 3449 atque
1175 3385 1421 3436 Arabiam
1444 3386 1537 3436 de-

470 3467 663 3515 sertam
688 3476 720 3511 a
740 3461 1153 3524 Mesopotamia;
1187 3460 1359 3511 donec
1381 3463 1536 3526 longo

448 3534 611 3588 -flexu
635 3531 700 3586 a'd
725 3534 996 3586 Orientem
1018 3549 1198 3586 versun
1219 3536 1418 3601 duplici
1440 3536 1535 3588 lin·

472 3613 616 3665 ditur
654 3613 821 3677 alveo,
852 3625 1067 3677 quorum
1102 3613 1236 3663 alter
1253 3613 1393 3677 Tigri
1417 3614 1536 3665 mis-

470 3696 640 3748 cetur,
661 3690 793 3740 alter
817 3702 912 3754 per
943 3687 1270 3754 Babylonem
1303 3689 1358 3740 in
1391 3691 1539 3755 plura

472 3765 671 3819 divisus
692 3766 890 3828 incilia,
913 3766 1106 3831 partim
1132 3766 1185 3818 iu
1213 3767 1429 3832 paludes
1462 3766 1536 3820 ef-

470 3841 731 3907 funditur,
755 3844 942 3907 partim
967 3844 1125 3894 etiam
1157 3843 1210 3893 in
1240 3844 1434 3907 Tigrim
1456 3858 1536 3894 re-

471 3919 687 3971 iabitur.
754 3918 896 3968 Ante
919 3927 1117 3979 tamen,
1141 3920 1295 3970 alium
1323 3933 1391 3969 ex
1423 3933 1537 3970 sese

474 4008 681 4045 rursum
701 3995 914 4050 emittit,
931 3996 1020 4058 qui
1037 3995 1360 4059 Babylonem
1378 3995 1537 4048 inter-

472 4063 613 4133 fluit,
644 4068 919 4134 denuoque
939 4070 1194 4122 Maarsari
1211 4072 1427 4135 junctus
1446 4087 1541 4138 per

472 4144 687 4203 fossam,
707 4145 793 4196 cui
815 4145 1101 4210 Pallacopa
1122 4160 1308 4197 nornen
1330 4155 1428 4206 est,
1450 4147 1541 4198 de·

474 4224 677 4275 rivatur
697 4237 990 4291 magnaque
1017 4238 1083 4275 ex
1104 4225 1333 4291 partein
1367 4234 1541 4279 vastas

1617 2705 1810 2759 culium
1849 2721 1966 2757 cum
2003 2704 2258 2766 Hercule,
2289 2705 2363 2755 nic
2399 2702 2686 2754 Diocletia-

1616 2796 1738 2832 num
1790 2781 2015 2840 Jovium',
2074 2795 2191 2832 cum
2239 2780 2374 2833 Jove
2422 2784 2683 2844 perpetuo

1616 2867 1908 2923 comparat-

1683 2941 1709 2970 ¹¹
1746 2936 1905 3000 Nutu]
1931 2935 2137 2986 Alludit
2156 2934 2221 2985 ad
2244 2934 2369 2984 illud
2386 2934 2536 2999 Virg.
2561 2931 2683 2984 AEn.

1621 3013 1817 3061 x.115.
1852 3010 1869 3038 ⁸
1893 3010 2112 3068 Annuit,
2135 3018 2192 3061 et
2227 3009 2395 3060 totum
2419 3018 2552 3059 nutu
2573 3015 2683 3059 tre·

1619 3085 1837 3137 mesecit
1860 3085 2185 3151 Olympum.'

1685 3171 1709 3196 ⁰
1730 3162 2003 3226 Carthago]
2029 3163 2091 3211 P.
2107 3163 2317 3213 cornel.
2340 3162 2520 3226 Scipio
2534 3159 2682 3225 Asgi-

1620 3253 1783 3291 canus
1806 3238 1979 3303 Major
2003 3239 2068 3289 A.
2086 3239 2155 3288 U.
2176 3239 2238 3289 C.
2258 3244 2374 3289 ⁵43.
2403 3238 2575 3289 aetatis
2602 3242 2686 3290 m.

1616 3311 1671 3364 in
1701 3313 2001 3376 Hispaniae,
2023 3312 2087 3362 ad
2113 3327 2291 3364 necem
2326 3314 2491 3377 patris
2514 3320 2568 3363 et
2592 3328 2684 3378 pa·

1619 3390 1721 3440 trui
1760 3390 2131 3453 ulciscendam,
2164 3391 2315 3441 simul
2350 3398 2409 3441 ut
2443 3389 2688 3440 Hasdru·

1616 3467 1720 3518 bali
1746 3474 1801 3517 et
1821 3467 2050 3532 Syphaci
2067 3482 2123 3517 se
2145 3477 2460 3533 opponeret,
2482 3468 2685 3524 missus.

1620 3543 1778 3593 variis
1803 3545 1997 3607 praeliis
2024 3551 2300 3609 utrumque
2325 3544 2538 3616 devicit.
2578 3544 2685 3592 Ve-

1621 3633 1754 3682 rum,
1774 3626 1833 3669 ut
1857 3620 2203 3671 Hannibalern
2226 3621 2278 3669 in
2298 3620 2455 3670 Italia
2476 3619 2685 3669 interim

1619 3703 1943 3759 grassantem
1969 3710 2000 3745 a
2021 3695 2313 3745 vastatione
2338 3695 2510 3745 Italiae
2535 3708 2686 3744 rcvo·
2760 3691 2768 3701 “

1621 3775 1789 3834 caret,
1812 3783 1895 3820 an.
1919 3774 2035 3820 649.
2063 3771 2353 3821 exereitum
2378 3771 2430 3820 in
2454 3769 2687 3822 Africam

1619 3846 1851 3911 trajecit,
1883 3846 1971 3896 ubi
2006 3845 2306 3896 Hannibale
2331 3847 2470 3897 victo
2505 3847 2687 3896 condi·

1620 3922 1786 3974 tione·
1809 3922 1953 3987 pacis
1978 3922 2496 3987 Carthaginiensibus
2520 3922 2688 3973 dedit.

1622 3998 1924 4063 Urbemque
1948 3999 2214 4062 ingressus
2240 4014 2324 4048 an.
2346 4003 2462 4048 553.
2484 3999 2688 4063 Sypha·

1623 4088 1737 4125 cem
1779 4074 1835 4124 in
1879 4075 2143 4140 triumpho
2187 4074 2358 4138 duxit,
2398 4074 2485 4141 qui
2531 4076 2688 4138 paulo

1623 4156 1745 4213 post
1765 4151 1820 4201 in
1843 4165 2056 4203 carcere
2094 4150 2243 4203 obiit.
2298 4149 2385 4201 Ita
2417 4149 2607 4215 Polyb.
2632 4156 2688 4200 et

1622 4226 1827 4277 Florus.
