3084 4959
906 369 1053 419 Pno
1100 367 1461 418 insufla.
1505 366 1846 417 senous.
1916 367 2019 417 iv.
2048 351 2153 418 16.
2446 354 2623 423 1255

429 516 757 591 hibentur,
782 522 860 580 ut
888 514 1290 583 ducentibus
1317 514 1647 580 subvecta
1684 512 2004 595 modulis,
2034 518 2107 581 et
2149 511 2239 576 ad
2268 511 2620 583 intervalla

431 618 801 683 carminum
831 618 1241 695 resistentia,
1272 622 1512 701 sponte
1548 636 1832 690 murum,
1862 615 2043 681 velut
2071 623 2240 693 arte,
2271 622 2618 680 construe-

428 726 606 809 rent„
624 729 882 803 quanta,
908 720 977 784 in
1012 720 1116 784 his
1148 719 1637 803 Imperatorum
1666 727 1734 785 et
1763 718 2107 785 Caesarum
2152 719 2363 783 literis
2402 720 2619 800 inest;

429 825 548 909 qui
582 824 860 903 domini,
891 825 1259 889 animorum
1288 825 1609 907 impetuS‚
1653 823 2069 907 effectusque
2108 841 2320 887 rerum
2350 820 2619 898 ciendo,

339 920 346 933 ’
428 926 570 991 suis
617 934 824 1010 atque
871 927 1068 991 etiam
1118 925 1571 1009 per-movendo
1619 927 1941 1004 consiliiS,
1987 947 2105 1011 per
2154 925 2334 1010 quod
2372 923 2616 1009 jubere

425 1039 739 1112 possunt,
774 1030 1053 1094 suadere
1086 1029 1481 1112 dignantur:
1526 1030 1594 1094 3.
1639 1037 1728 1108 et,
1761 1049 1911 1094 cum
1943 1030 2054 1095 vel
2086 1031 2335 1095 tacitas
2362 1046 2614 1111 eorum,

426 1151 507 1196 ac
539 1133 731 1196 vultu
762 1141 956 1198 tenus
986 1133 1402 1215 significatas
1434 1133 1815 1199 voluntates
1856 1133 2096 1198 summi
2136 1134 2619 1217 patrissequa-

425 1240 532 1301 tur
559 1237 954 1314 auctoritas,
985 1235 1181 1319 cujus
1213 1242 1442 1300 nutum
1486 1237 2129 1320 promissionemque
2165 1235 2486 1325 firmantis
2516 1242 2619 1301 to-

426 1339 564 1402 tius
613 1339 839 1403 mundi
882 1345 1124 1403 tremor
1168 1341 1408 1419 sentit;
1455 1339 1589 1422 ipsi
1631 1345 1849 1403 tamen
1894 1340 2064 1403 ultro
2091 1337 2463 1420 imperandi
2492 1357 2618 1422 po-

424 1446 735 1511 testatem
764 1441 1162 1515 cohortandi
1190 1441 1596 1506 humanitate
1627 1442 2010 1505 conciliant.
2095 1441 2163 1506 4.
2199 1439 2381 1517 Quin
2410 1440 2616 1505 etiam

424 1542 734 1608 laudibus
789 1544 1091 1621 incitant,
1140 1546 1531 1627 gravitatem
1580 1564 1858 1623 morum,
1905 1543 2169 1609 dicendi
2219 1543 2616 1613 facultatem

425 1646 556 1709 sibi
581 1647 941 1730 probatam
988 1651 1057 1712 et
1094 1647 1432 1730 cognitam
1472 1648 1954 1731 praedicantes3
2000 1642 2295 1711 Palatini
2344 1647 2614 1729 honoris

422 1750 840 1832 privilegium
889 1750 1194 1817 oratoriae
1240 1749 1648 1833 professioni
1690 1750 1953 1816 salvum
1994 1755 2060 1814 et
2100 1749 2437 1814 incolume
2483 1771 2616 1815 ser·

421 1859 683 1917 vantes.
771 1854 833 1917 5.
885 1851 1149 1929 Quibus
1190 1872 1315 1937 ego
1358 1853 1608 1918 divinae
1646 1852 2082 1936 benignitatis
2108 1852 2462 1930 illecebris,
2493 1856 2615 1918 eti-

425 1956 596 2019 amsi
630 1955 811 2020 omni
844 1974 1049 2020 sensu
1092 1963 1245 2019 ante
1286 1957 1680 2033 caruissem,
1712 1955 1799 2020 ad
1842 1956 2153 2040 quamvis
2196 1955 2490 2039 profecto
2517 1958 2619 2021 in-

422 2057 855 2141 telligentiam
886 2078 1199 2133 moverer,
1234 2065 1303 2123 et
1342 2059 1754 2125 adducerer:
1816 2059 2146 2143 siquidem
2175 2065 2392 2124 tantos
2423 2060 2612 2124 Prin-

424 2159 614 2244 cipes
645 2180 845 2226 unum
872 2161 1210 2226 hominem
1257 2167 1446 2227 tanta
1483 2162 1688 2227 laude
1731 2162 2067 2239 decorare,
2094 2180 2232 2226 non
2260 2170 2365 2226 est
2396 2169 2613 2229 orato-

425 2282 565 2327 rem
596 2263 967 2342 admonere,
1002 2264 1119 2329 sed
1149 2265 1389 2330 facere.

511 2366 691 2432 CAP.
723 2383 889 2430 xvi.
975 2367 1038 2431 1.
1086 2366 1271 2446 Quid
1300 2369 1498 2452 igitur
1518 2368 1684 2433 mihi
1715 2388 1868 2433 cum
1896 2373 2242 2433 numerata
2272 2371 2612 2454 pecunia?

420 2468 625 2536 immo
657 2470 818 2555 quid
851 2492 1002 2537 cum
1046 2471 1198 2536 ullis
1237 2473 1491 2557 opibus
1536 2477 1653 2538 aut
1680 2472 1893 2538 Midae
1939 2470 2167 2555 regis,¹’
2208 2479 2321 2539 aut
2348 2470 2613 2553 Croesi,e

1348 2646 1712 2669 OONOOOOOOO‘

418 2765 649 2814 Rhenan.
672 2769 727 2812 et
747 2761 919 2812 Rivin.
947 2767 1332 2812 construerentur
1342 2778 1365 2822 ,·
1397 2763 1535 2814 unde
1557 2763 1797 2814 Bnlduin.
1828 2760 1883 2813 iu
1903 2777 2086 2812 murum
2103 2764 2232 2812 velut
2252 2767 2357 2812 arte
2375 2769 2614 2814 construe-

418 2836 614 2888 rentur,-
648 2828 800 2878 codd.
824 2828 961 2877 Gud.
985 2836 1038 2876 et
1063 2828 1232 2878 Moerl.
1266 2830 1636 2889 constituerent&
1670 2830 1794 2879 Vct.
1829 2830 2055 2879 Putean.
2089 2828 2175 2877 alii
2213 2828 2365 2878 codd.
2401 2838 2456 2878 et
2492 2829 2614 2880 edd.

416 2899 759 2946 construerent.
810 2893 827 2920 ‘
851 2893 1079 2955 Insignis
1105 2894 1156 2941 b.
1180 2894 1215 2944 l.
1251 2895 1473 2945 varietas
1511 2897 1784 2959 scriptura
1816 2902 1897 2944 est
1929 2895 1979 2943 in
2012 2893 2131 2945 cod.
2165 2893 2339 2943 Moerl.
2372 2895 2523 2957 cujus
2558 2896 2613 2945 in

418 2964 557 3009 nullo
579 2960 685 3010 alio
707 2964 928 3022 apparet
950 2958 1244 3019 vestigium.
1274 2960 1486 3021 Legitur
1508 2963 1792 3024 ita‚quunta
1814 2962 1866 3010 in
1887 2960 1963 3008 his
1978 2960 2120 3024 impp.
2134 2964 2182 3008 et
2198 2959 2349 3008 (ἕως.
2367 2959 2613 3018 linium,-

420 3027 504 3091 φά
531 3025 711 3076 donnini
740 3024 1004 3082 animorum
1032 3024 1239 3085 impetus
1264 3024 1552 3089 effectusque
1571 3041 1730 3075 rerum
1749 3026 1910 3075 ciendo
1930 3026 2061 3074 suis.-
2089 3031 2230 3086 utque
2261 3024 2404 3072 eiiam
2429 3040 2611 3087 promo·

419 3092 565 3141 vendo
585 3088 797 3140 consiliis
820 3103 908 3152 per
929 3090 1048 3151 qaod
1069 3087 1235 3148 jubere
1256 3097 1472 3152 possunt,
1496 3093 1694 3141 sundere
1714 3091 1993 3153 dignantur.
2041 3091 2121 3138 Ex
2145 3088 2330 3153 quibus
2356 3091 2545 3154 verbis,
2567 3092 2613 3142 si

418 3158 577 3207 lectio
599 3156 808 3217 vulgata
830 3154 1096 3204 videretur
1118 3155 1383 3210 mutanda,
1407 3156 1722 3219 transposito
1743 3158 1813 3219 τῷ·
1832 3155 1954 3216 εαίε,
1965 3162 2021 3204 et
2041 3163 2159 3219 post
2181 3159 2322 3216 atque
2342 3156 2486 3204 etiam
2504 3155 2613 3205 col.

418 3224 611 3279 locato,
631 3229 687 3271 et
707 3221 883 3284 ejecto
914 3221 983 3282 τῷ·
1008 3234 1096 3283 per
1126 3226 1245 3269 ante
1268 3223 1389 3284 quod
1410 3220 1596 3281 jubere,
1623 3222 1705 3270 vel
1725 3222 1777 3271 in
1799 3221 1853 3270 ia
1874 3228 2091 3275 mutato,
2113 3234 2315 3270 sensnm
2342 3234 2442 3270 non
2466 3222 2613 3284 inep-

420 3297 529 3338 tum
556 3301 729 3352 posses
752 3286 962 3336 elicere.
995 3285 1156 3336 Gud.
1182 3283 1415 3348 praefert‚
1431 3287 1587 3337 inest-.-
1618 3288 1701 3350 qui
1719 3287 1887 3337 deinde
1905 3285 2042 3349 imp!
2060 3284 2255 3349 Joeger.
2304 3287 2436 3337 Vide
2457 3288 2509 3337 N
2513 3296 2612 3338 ott.

414 3355 569 3404 Varr.
634 3351 768 3402 Edd.
791 3357 918 3402 vett.
939 3350 1108 3411 jubere
1128 3352 1314 3414 possint
1327 3368 1347 3411 ,·
1380 3352 1506 3403 vet.
1528 3353 1752 3403 Putean.
1776 3353 1900 3401 Vct.
1927 3352 2097 3401 Livin.
2125 3351 2316 3414 aliique
2349 3354 2502 3402 codd.
2522 3354 2610 3414 jn·

417 3419 527 3471 bere
553 3421 864 3483 peccante-3
900 3417 1007 3466 Pro
1027 3415 1296 3481 firmatio,
1317 3417 1483 3469 Livin.
1506 3419 1644 3481 conj.
1664 3418 1984 3483 flammantis,
2015 3419 2341 3481 improbante
2365 3419 2611 3470 cratero.

414 3489 513 3536 -4
547 3484 771 3545 Guelph.
799 3482 1096 3544 genuitatem
1115 3497 1293 3532 morum
1312 3516 1325 3531 .
1341 3513 1382 3533 ·.
1399 3484 1816 3546 praedicantis.—5
1845 3487 1858 3511 ⁶
1878 3484 2013 3532 Mira
2035 3484 2118 3532 liic
2140 3484 2422 3533 lectionum
2449 3480 2613 3533 v'arie·

416 3558 496 3599 tas
517 3567 530 3599 ι
566 3562 729 3599 onena·
750 3549 1026 3613 adducerer,
1049 3549 1190 3596 nulla
1214 3550 1491 3611 sententia,
1515 3549 1722 3599 Puteol.
1744 3550 1977 3598 Rhenan.
2000 3555 2054 3598 et
2077 3548 2146 3597 H.
2168 3548 2349 3612 Steph.
2417 3550 2498 3598 Ex
2532 3564 2612 3597 ar-

416 3615 572 3665 bitrio
591 3613 833 3665 Balduin.
853 3613 1217 3674 intelligentiam
1232 3613 1388 3663 oneris
1408 3617 1665 3664 adducerer
1677 3631 1698 3672 ‚⁸
1716 3616 1869 3675 paulo
1887 3614 2067 3663 melius
2083 3614 2254 3662 Lirin.
2273 3623 2329 3661 et
2348 3614 2411 3662 P.
2427 3614 2611 3677 Steph-

412 3680 781 3741 intelligentiam
798 3678 1081 3735 addacem,-
1117 3679 1287 3728 Riviu.
1310 3679 1678 3740 intelligentiam
1699 3692 1839 3728 onere
1857 3681 2113 3728 adducerer
2128 3694 2149 3735 ,·
2171 3680 2325 3729 Grnt.
2341 3679 2614 3741 intelligen-

416 3747 534 3796 tiam
558 3749 767 3794 moveret
795 3758 851 3790 ac
877 3744 1099 3800 duceren-
1131 3744 1299 3792 Banu.
1330 3737 1512 3798 meliore
1544 3760 1602 3792 ac
1631 3747 1831 3801 ducem
1865 3745 2051 3794 cellar.
2082 3744 2312 3793 Patet-ol.
2333 3749 2388 3792 et
2412 3744 2613 3807 Joeger.

413 3825 626 3863 moverer
645 3826 701 3861 ac
720 3811 935 3868 ducerer,
967 3808 1103 3872 quod
1148 3809 1305 3858 etiam
1337 3808 1389 3857 in
1424 3810 1555 3859 Exc.
1589 3809 1777 3858 Schon.
1799 3816 1881 3858 est
1913 3816 2166 3858 notatum.
2232 3809 2507 3872 Pleroeque
2528 3811 2611 3861 lm

416 3878 667 3933 lectiones
689 3873 931 3923 videntur
955 3887 1019 3922 ex
1042 3874 1382 3938 interpretum
1406 3874 1627 3925 arbitrio
1648 3871 1906 3923 confictae.
1951 3873 2242 3924 Secundum
2265 3874 2611 3927 codd-Moerl.

416 3950 473 3991 et
496 3941 724 4003 Guelph.
748 3940 915 3988 locum
939 3939 1207 4003 expressi?
1236 3940 1412 3991 Arutz.
1479 3936 1586 3990 Pro
1622 3954 1766 3990 unum
1799 3938 2050 4004 hominem,
2072 3938 2276 3993 Acidal.
2299 3941 2436 4005 conj.
2470 3942 2612 3992 mini-

415 4023 543 4057 mum
571 4006 819 4056 hominem.

1400 4103 1622 4155 NOTAE

477 4188 501 4243 6
536 4203 692 4252 Mida
732 4200 887 4263 regis]
931 4199 1110 4251 Midas
1148 4200 1334 4251 Gordii
1376 4202 1467 4254 bu·
1551 4218 1643 4255 rex
1678 4201 2126 4268 locupletissimus,
2161 4202 2251 4267 qui
2282 4218 2398 4254 cum
2421 4219 2451 4253 a
2473 4206 2618 4256 Bac.

412 4280 551 4334 bulci
587 4278 721 4330 filius
765 4277 886 4342 fuit,
937 4276 1180 4344 idemque
1221 4279 1470 4345 Phrygia
1551 4283 1667 4348 cho,
1712 4297 1864 4348 quem
1905 4296 2001 4347 pro
2040 4281 2263 4346 hospitio
2310 4292 2612 4348 acceperat,
