3084 4959
516 373 692 440 1174

513 538 890 622 subjacere,
930 535 1075 614 sed,
1105 534 1303 620 quasi
1349 533 1700 599 translatis
1744 529 2097 608 sideribuS,
2126 538 2244 594 aut
2287 528 2502 609 terriS,
2530 532 2698 596 meri

512 641 697 708 diani
727 640 884 705 coeli
908 638 1327 704 clementiam
1354 638 1706 701 sensimus.
1773 632 1837 698 6.
1864 632 2147 698 Fluvius
2165 631 2275 697 hic
2295 629 2585 711 noster,‘¹
2608 634 2728 700 diu

416 810 422 816 ,
510 744 889 829 pluviarum
934 739 1184 825 pabulo
1231 759 1496 813 carens,
1544 738 1902 821 impatiens
1946 741 2092 801 erat
2133 735 2459 812 navium:
2508 736 2725 801 solam

509 846 869 912 navalibus
913 845 1052 909 tuis
1086 841 1443 909 'materiam
1488 839 1886 906 devehebat.
1976 838 2158 903 Ecce
2204 842 2427 903 autem
2478 836 2725 919 subito,

511 968 667 1014 cum
713 948 858 1033 jam
919 946 1167 1010 deduci
1214 944 1557 1009 liburnas⁶
1609 946 1979 1026 oporteret,
2030 939 2155 1006 tibi
2210 939 2456 1004 uberes
2506 939 2727 1005 fontes

509 1056 683 1116 terra
726 1048 1087 1128 summisit,
1123 1048 1244 1112 tibi
1290 1047 1517 1129 largos
1562 1046 1809 1110 imbres
1849 1043 2129 1127 Jupiter
2170 1041 2364 1118 fudit,
2393 1043 2517 1107 tibi
2564 1044 2728 1108 totis

510 1151 862 1217 fluminum
885 1150 1103 1216 alveis
1125 1169 1424 1216 oceanus
1444 1147 1863 1214 redundavit.
1919 1149 1986 1212 ⁰7.
2018 1146 2129 1210 Ita
2150 1145 2221 1209 in
2246 1164 2461 1229 aquas
2483 1155 2726 1229 sponte

510 1254 882 1319 subeuntes
922 1255 1254 1336 impetum
1293 1253 1567 1335 navigia
1610 1251 1936 1328 fecerunt,
1962 1249 2098 1313 levi
2142 1247 2348 1312 modo
2389 1253 2729 1315 commota

508 1353 710 1422 nisus
747 1357 1154 1433 ducentium,
1195 1375 1478 1440 quorum
1518 1353 1608 1420 ad
1651 1352 2118 1419 felicissimum
2160 1350 2328 1416 illud
2373 1351 2725 1415 exordium

509 1460 728 1543 magis
769 1479 944 1544 opus
991 1466 1136 1523 erat
1181 1459 1449 1522 nautico
1492 1455 1843 1530 carmine}
1894 1474 2098 1538 quam
2143 1454 2396 1518 labore.
2482 1452 2550 1517 8.
2597 1452 2727 1517 Fa-

510 1562 643 1626 cile
684 1562 917 1644 itaque
964 1560 1190 1645 quivis
1234 1558 1562 1641 intelligit,
1607 1557 2007 1641 Imperator,
2057 1575 2262 1640 quam
2312 1556 2618 1639 prosperi
2662 1561 2727 1621 te

509 1660 919 1728 successus¹¹
964 1664 1032 1726 in
1076 1681 1145 1726 re
1189 1660 1527 1725 maritima
1568 1661 1867 1725 secuturi
1907 1659 2062 1740 sint,
2092 1659 2205 1725 cui
2234 1658 2381 1743 jam
2422 1660 2524 1724 sic
2562 1667 2728 1725 tem-

507 1772 850 1849 pestatum
880 1762 1349 1848 opportunitas
1381 1762 1812 1850 obsequatur.

1408 386 1867 437 MAMER'rmt

577 1957 598 1984 θ
631 1950 746 1998 Non
766 1948 1107 2014 poterctserre
1126 1963 1321 2012 nuum.-⁷

1430 2043 1490 2061 Ν
1497 2042 1805 2063 “mooe“

512 2158 884 2222 Septemtrionis
905 2159 1079 2221 vulgg.
1102 2163 1224 2207 ante
1247 2158 1465 2207 Gruter.
1495 2157 1554 2205 J.
1577 2169 1627 2205 π.
1654 2156 1998 2220 Septemtrioni
2020 2156 2176 2207 codd.
2195 2165 2252 2208 et
2283 2157 2413 2207 Exc.
2439 2156 2730 2207 Schonhov.

508 2222 759 2284 subjacere-
785 2224 1035 2273 omittunt
1077 2224 1288 2273 Puteol.
1320 2226 1471 2271 1476.
1504 2222 1740 2270 Rhenan.
1779 2231 2004 2287 uterque
2040 2224 2222 2287 Stepb.
2262 2223 2427 2274 Livin.
2460 2234 2516 2271 et
2556 2224 2728 2277 Rivin.

512 2289 788 2338 Praeterea
807 2294 857 2338 et
880 2303 972 2353 pro
993 2290 1079 2337 sed
1109 2288 1317 2338 Puteol.
1343 2290 1489 2336 14⁷6.
1513 2287 1685 2336 Livio.
1707 2294 1762 2336 et
1786 2289 1940 2337 Paul.
1964 2288 2146 2352 Steph.
2178 2288 2449 2348 putavimus
2474 2287 2730 2351 subjacere,

510 2359 559 2402 et
580 2354 704 2404 Vet.
725 2354 949 2403 Putean.
976 2353 1095 2402 Vet.
1119 2353 1322 2401 Berlin.
1344 2353 1476 2401 Exc.
1501 2351 1668 2411 Lang.
1686 2353 1814 2402 Exc.
1836 2353 1987 2402 Voss.
2005 2353 2235 2416 Guelph.
2251 2361 2304 2403 et
2321 2353 2540 2416 cuspin.
2577 2354 2730 2415 Mox,

509 2419 616 2468 coeli
635 2418 863 2468 sentimus
891 2419 1189 2468 clementiam
1220 2420 1351 2468 Exc.
1379 2417 1527 2465 Voss.
1549 2425 1601 2466 et
1622 2416 1956 2481 Gnelph.—6
1988 2417 2005 2446 ‘
2024 2419 2128 2467 Ter
2150 2417 2234 2467 hic
2255 2423 2527 2481 peccatum
2548 2416 2599 2466 in
2618 2418 2729 2475 ribi.

511 2497 609 2546 pro
647 2498 750 2548 quo
789 2483 1182 2534 rescribendum
1221 2481 1325 2533 ibi?
1362 2482 1615 2531 Rittersb.
1684 2483 1808 2531 vid.
1836 2483 1986 2534 Nott.
2013 2485 2264 2533 Varia—7
2300 2484 2405 2533 Pro
2436 2482 2564 2547 nisu,
2588 2485 2727 2548 quod

511 2557 726 2598 servant
749 2548 874 2598 Vet.
900 2550 1102 2598 Bertin.
1126 2549 1248 2598 Vet.
1273 2549 1398 2598 Put.
1428 2547 1582 2597 codd.
1602 2547 1861 2598 Schwarz.
1883 2555 1937 2597 et
1960 2548 2102 2599 Gud.
2133 2548 2256 2598 nixu
2288 2548 2337 2596 in
2373 2548 2549 2612 vnlgg.
2619 2549 2730 2598 Pro

509 2613 605 2663 levi
625 2612 766 2664 Gud.
801 2614 1014 2663 ζωή-8
1050 2614 1216 2664 Facile
1248 2613 1409 2677 itaque
1440 2613 1655 2676 quamvis
1694 2614 1927 2663 Rhenan.
1958 2614 2031 2664 H.
2057 2615 2242 2677 Steph.
2265 2623 2319 2661 et
2342 2614 2511 2662 Rivin.
2563 2612 2730 2663 Facile

508 2679 858 2794 ⁶⁶²¹..
871 2686 1098 2795 ”ms
1130 2678 1512 2793 exarsi.
1527 2676 2734 2806 ⁸⁰'31'2⁸;²·..f:3²'25.“233²effitlffizrs‘.

497 2807 608 2870 jam
632 2780 1016 2876 Gnelpb.·Exc.
1038 2760 1331 2861 s'fehonhov.
1353 2818 1410 2859 et
1434 2808 1559 2858 Vet.
1580 2779 1752 2857 Lirin:
1776 2808 2112 2873 obsequebatur
2132 2760 2290 2860 effinm
2314 2809 2438 2861 Vet.
2461 2810 2628 2859 Lirin.

1404 2950 1409 2955 ’
1506 2953 1733 3005 No‘rAE

575 3053 602 3088 ‘¹
635 3054 844 3104 Flavius
876 3052 954 3103 hio
989 3052 1173 3118 noster]
1206 3052 1451 3113 Mosella,
1488 3052 1578 3113 qui

508 3131 771 3183 Treveros
809 3132 974 3187 alluit,
1011 3130 1100 3180 ubi
1133 3130 1418 3180 orationem
1442 3128 1577 3179 hanc

1659 3051 1796 3102 diem
1830 3052 1994 3111 illum,
2024 3066 2127 3118 quo
2148 3053 2527 3116 navigationem
2552 3053 2728 3117 auspi-

1657 3136 1793 3177 catoe
1826 3133 2024 3188 essent,
2052 3130 2196 3180 velut
2227 3127 2421 3178 festum
2454 3130 2727 3193 quotannis

510 3209 701 3260 dictam
726 3216 872 3273 puto.

575 3292 599 3319 θ
631 3283 894 3346 Liburnus]
923 3289 941 3312 ⁶
960 3281 1224 3333 Liburna’
1261 3282 1345 3333 vel
1378 3290 1394 3315 ⁸
1419 3282 1576 3332 libur-

507 3360 660 3411 nica’
693 3375 854 3424 genus
902 3360 1092 3424 navigii
1135 3359 1401 3422 levissimi,
1436 3362 1579 3410 velo-

511 3436 825 3501 cissimique,
878 3437 961 3486 sic·
997 3451 1029 3485 a
1073 3435 1316 3486 Liburnis
1370 3436 1580 3501 populis

513 3514 735 3571 dictum,
771 3528 986 3580 quorum
1018 3513 1166 3578 regio
1199 3513 1351 3563 bodie
1379 3513 1579 3563 croatia

511 3591 723 3649 dicitur,
768 3590 907 3657 quod
949 3590 1023 3640 illi
1069 3590 1134 3639 ad
1171 3590 1374 3640 Ionium
1420 3604 1577 3649 mare,

508 3668 812 3732 insulasque
839 3664 1146 3732 praedandas
1174 3665 1463 3729 hujusmodi
1489 3682 1577 3715 na-

510 3743 664 3795 vibus
682 3750 971 3795 uterentur.
1012 3741 1390 3806 Horat.Epod.
1421 3743 1438 3772 ‘
1463 3742 1576 3793 Ibis

512 3820 732 3880 liburnis
777 3821 916 3870 inter
958 3821 1069 3870 alta
1107 3821 1335 3885 navium,
1377 3820 1577 3884 Amice,

512 3894 946 3961 propugnacula!

580 3969 604 4003 f
631 3971 761 4020 Nisa
781 3970 946 4034 [nixu]
981 3970 1091 4021 Aut
1130 3971 1257 4037 πίει,
1302 3978 1362 4021 ut
1401 3978 1484 4022 est
1522 3971 1577 4022 in

514 4046 833 4098 Bertiniensi
860 4047 976 4095 cod.

579 4133 605 4169 s
625 4125 832 4174 Nautico
841 4123 1076 4187 carmine]
1094 4123 1303 4187 Utrum,
1319 4132 1378 4176 nt
1391 4126 1577 4176 Claud.

512 4202 756 4253 Puteano
775 4199 998 4265 videtur,
1022 4201 1205 4252 alludit
1225 4201 1291 4251 ad
1311 4204 1577 4254 solennem

514 4279 840 4346 quarundam
895 4279 1128 4344 gentium
1188 4293 1403 4347 morem,
1457 4271 1580 4347 quae'

1658 3202 2032 3253 celebrabant?
2090 3206 2176 3254 De
2213 3218 2316 3271 qua
2354 3205 2728 3254 consuetudine

1659 3279 1912 3343 Apuleius
1950 3281 2088 3330 Met.-
2118 3295 2182 3331 11.
2219 3289 2275 3332 et
2315 3282 2499 3346 Veget.
2536 3283 2603 3331 de
2644 3283 2723 3332 Re

1658 3357 1877 3407 Militari
1900 3361 2083 3407 rv.89.
2149 3357 2233 3408 An
2270 3360 2459 3423 potins,
2492 3366 2550 3408 ut
2586 3360 2726 3410 Grn-

1660 3443 1775 3486 tero
1810 3436 2005 3500 placet,
2042 3436 2108 3484 ad
2142 3438 2404 3486 celeusma
2438 3438 2725 3500 nauticum,

1660 3511 1796 3576 quod
1840 3512 1893 3561 in
1932 3512 2135 3562 laetitiae
2175 3512 2374 3576 signnm
2416 3514 2726 3564 intendeba-

1643 3593 1765 3652 tur,
1798 3602 1913 3650 cum
1938 3603 2075 3639 nova
2096 3590 2276 3640 classis
2298 3589 2727 3640 committebatur

1659 3667 1807 3730 aquis
1836 3668 1856 3716 ?
1895 3697 1921 3724 s

1722 3740 1748 3775 ¹²
1784 3744 1940 3799 Quam
1961 3742 2178 3807 prosperi
2198 3748 2249 3792 te
2268 3742 2529 3805 successus]
2564 3742 2724 3794 Haud

1660 3827 1806 3870 vates
1841 3818 1959 3883 fuit,
1988 3835 2104 3870 nam
2130 3821 2407 3872 carausius
2430 3821 2727 3871 Constantii

1661 3896 1797 3944 vires
1820 3904 1875 3945 et
1901 3896 2150 3959 impetum
2174 3898 2249 3945 ita
2275 3895 2441 3945 valide
2461 3896 2728 3961 sustinuit,

1660 3978 1719 4018 nt
1753 3985 1871 4020 enm
1912 3971 1978 4020 ad
2014 3969 2185 4019 foedns
2215 3969 2515 4026 ineundum,
2551 3985 2613 4021 ac
2643 3985 2726 4020 re-

1660 4046 1990 4111 linquendam
2008 4046 2106 4097 sibi
2126 4046 2451 4097 Britanniam
2469 4048 2727 4111 adegerit.

1659 4122 1749 4173 Ita
1769 4122 1952 4173 Aurel.
1973 4124 2177 4174 Victor.
2245 4124 2399 4174 Unde
2432 4124 2572 4190 apud
2597 4124 2729 4176 Gol-

1657 4199 1835 4257 tzium,
1858 4199 2470 4267 Occonem,'1'ristanum,
2492 4201 2729 4266 aliosque

1657 4289 1984 4327 nummorum
2033 4278 2353 4342 interpretes
2395 4285 2580 4329 extant
2624 4279 2729 4329 Ca·
