3084 4959
903 377 1467 430 multorumve.
1541 378 1691 429 ΧΠ.
1729 365 1842 430 41.
2296 365 2470 435 1613

285 530 605 615 quatenus
635 532 756 591 aut
783 525 923 590 ista
949 525 1174 610 optari
1201 531 1453 609 potest,
1474 530 1594 590 ant
1622 525 1738 590 ille
1762 524 1999 590 vitari:
2045 531 2117 592 at
2149 526 2210 591 si
2237 527 2470 594 ultima

282 652 473 715 supra
503 636 713 713 caput
739 629 997 694 steterit
1035 629 1220 707 hora,
1265 635 1338 693 et
1376 629 1631 693 venerit
1674 627 1818 692 dies
1866 649 2207 713 nunquam
2250 650 2471 698 rever-

217 725 222 730 *
280 753 485 810 surus,
519 754 600 798 ac
632 751 708 797 se
750 732 1059 797 confessa
1102 751 1284 796 mors
1328 731 1580 809 fuerit:
1622 750 1758 795 non
1801 731 2112 797 timentur
2153 739 2469 812 extrema,

278 855 424 901 cum
451 841 635 900 certa
664 839 846 899 sunt.
931 834 997 897 4.
1044 833 1231 897 Hinc
1277 853 1537 897 reorum
1582 834 1932 917 usquead
1984 835 2470 901 damnationem

276 934 510 1015 metus»,
533 943 779 1022 postea
806 938 1131 1003 attonitus
1161 944 1395 1021 stupor
1416 944 1600 1002 etex
1627 937 2087 1021 desperatione
2117 941 2466 1018 securitaS,

277 1048 345 1104 et
389 1040 477 1106 ad
524 1040 751 1107 locum
800 1039 1120 1124 supplicii
1164 1040 1570 1116 voluntaria,
1615 1038 1925 1105 carnifice
1969 1059 2097 1104 non
2148 1042 2468 1118 trahente,

273 1144 686 1226 properatio:
730 1147 804 1209 ut
832 1143 917 1208 de
948 1143 1057 1208 his
1090 1151 1374 1221 taceam,
1406 1144 1549 1227 qui,
1581 1162 1734 1207 cum
1762 1142 1922 1212 fatis
1962 1142 2204 1208 fortius
2250 1145 2470 1227 pacis-

277 1253 548 1324 centeS,⁸
575 1247 903 1311 incertum
935 1247 1195 1311 exitum
1229 1252 1410 1311 certo
1440 1250 1932 1328 occupaverunt
1952 1268 1967 1308 :
1987 1246 2016 1282 ‘¹
2057 1250 2132 1309 ut
2177 1246 2337 1309 nihil
2383 1247 2469 1310 de

278 1349 488 1413 servis
543 1350 803 1433 loquar,
853 1348 972 1432 qui
1024 1349 1298 1414 verbera
1343 1347 1642 1412 vitavere
1697 1346 2083 1429 suspendio,
2128 1352 2194 1411 et
2240 1353 2467 1413 motus

276 1450 512 1515 heriles
544 1472 756 1537 usque
785 1454 867 1519 ad
901 1452 1283 1536 praecipitia
1325 1451 1634 1535 fugerunt
1658 1463 1719 1533 ς’
1764 1452 1916 1534 quis
1959 1470 2250 1535 unquam
2295 1451 2470 1516 ultra

278 1553 515 1637 spems
547 1556 762 1621 timuit
780 1558 810 1619 ‘t
832 1554 859 1593 ¹³
944 1559 1007 1620 5.
1054 1553 1227 1634 Quis
1259 1554 1514 1620 idcirco
1544 1562 1756 1619 semet
1786 1553 2099 1618 occidere
2129 1554 2360 1633 noluit,
2389 1563 2470 1619 ut

277 1660 685 1724 occideretur
706 1661 736 1722 ‘l
797 1660 929 1723 nisi
955 1678 1115 1723 vero
1148 1659 1253 1722 vel
1283 1658 1532 1722 levior!
1574 1678 1813 1722 manns
1843 1658 2057 1722 aliena
2086 1677 2284 1741 quam
2316 1678 2467 1743 pro-

165 1749 178 1762 ’
274 1762 441 1846 pria,
489 1763 589 1828 vel
637 1754 888 1827 foedi'or
933 1781 1111 1826 mors
1165 1762 1429 1845 privata
1473 1781 1675 1845 quam
1718 1762 2017 1844 publica,
2062 1762 2168 1825 vel
2209 1762 2468 1845 longior

273 1885 475 1948 poena
515 1866 688 1930 ferro
735 1866 1137 1944 incumbere,
1183 1872 1252 1930 et
1294 1884 1575 1949 corpore
1622 1866 1865 1929 vulnus
1911 1883 2204 1943 onerare,
2250 1872 2322 1930 et
2363 1886 2465 1930 re-

275 1968 493 2049 cipere
532 1967 870 2033 interitum
912 1969 1138 2032 statim
1169 1973 1408 2045 totum,
1440 1987 1646 2051 quam
1676 1967 2088 2051 supplicium
2119 1967 2468 2044 dividerej·

274 2069 600 2153 poplitem
646 2069 942 2149 flectere,
974 2071 1297 2135 cervicem
1340 2070 1699 2135 extendere
1744 2070 1833 2136 ad
1875 2071 2142 2156 plagam
2186 2072 2467 2137 fortasse

276 2191 406 2236 non
437 2192 665 2238 unam.

336 2366 358 2392 θ
385 2360 460 2410 Ae
474 2360 641 2409 mortis
663 2359 1419 2426 manifestumsueritpericulum.
1767 2360 1795 2397 ὅ
1826 2363 2190 2413 Proevenerrmt.

336 2432 357 2457 ²
391 2427 458 2475 Et
479 2432 533 2474 ut
554 2426 770 2475 herorum
792 2442 956 2477 manus
965 2427 1217 2489 sugerent,
1240 2432 1439 2477 ruerunt
1459 2428 1511 2476 in
1532 2428 1823 2493 proeeipitia.
2088 2435 2089 2438 ’

330 2486 362 2532 s
388 2492 578 2540 Amissa
599 2506 702 2555 spe.
1083 2500 1113 2535 1
1145 2494 1317 2542 Minus
1338 2494 1565 2543 timenda.

338 2553 365 2587 ¹⁸
401 2557 557 2613 Quam
580 2561 779 2605 mortem
796 2570 882 2621 per
901 2561 1063 2619 partes
1074 2556 1229 2617 fer-re.

1191 2687 1216 2706 Ο
1220 2686 1251 2705 O
1255 2685 1488 2707 ’0000000
1491 2685 1555 2706 θ’

270 2795 501 2852 extrema,
520 2790 760 2839 Balduin.
780 2790 909 2853 legit
942 2796 1156 2842 externa.
1188 2791 1397 2842 Acidal.
1420 2798 1551 2843 certa
1570 2793 1785 2843 sint—4
1806 2793 1935 2843 Cod.
1956 2792 2299 2845 Schwarzian.
2318 2799 2470 2843 metus

265 2872 411 2920 poena
431 2857 664 2906 attonitus
682 2872 703 2915 ,-
736 2856 872 2906 unde
896 2857 1217 2907 Schwarzius
1256 2859 1403 2922 legit,
1423 2874 1564 2922 poena
1591 2859 1814 2907 attonitis
1842 2864 2024 2923 stupor.
2092 2860 2217 2908 Vet.
2240 2858 2467 2908 Putean.

264 2926 436 2985 pastea
455 2923 676 2971 attonitis
696 2926 876 2985 stupor.
939 2923 1087 2981 Mox,
1109 2924 1239 2972 Exc.
1257 2923 1673 2973 &bonhem-cum
1694 2924 1824 2985 fatis
1839 2924 2092 2987 fortiusp.
2119 2924 2343 2973 interitus
2361 2940 2470 2974 nam

269 2988 368 3045 cui,
400 2990 483 3047 &a
531 2987 666 3037 Edd.
691 2995 820 3037 vett.
852 2987 1163 3050 prosortius,
1191 2990 1387 3039 habent
1402 2989 1657 3047 fortunis,·
1715 2989 1852 3039 unde
1882 2988 2083 3039 Acidal.
2102 2988 2330 3049 fortuitis
2343 3005 2365 3047 ,-
2412 2998 2470 3039 et
2534 2981 2544 3001 ⁸

271 3053 347 3103 sic
384 3052 508 3102 Vet.
544 3052 769 3102 Putean.
838 3053 946 3102 Pro
977 3054 1283 3115 paciscentes,
1310 3055 1538 3115 Guelph.
1575 3054 1784 3104 exhibet
1801 3059 2064 3118 parcentes.
2132 3054 2299 3104 Panlo
2329 3064 2472 3117 post,

268 3117 481 3167 Acidal.
500 3118 635 3180 conj.
658 3122 704 3165 et
726 3123 879 3167 metus
899 3119 1067 3167 heriles
1086 3150 1101 3165 .
1127 3152 1140 3167 .
1165 3150 1180 3165 .
1202 3154 1216 3168 .
1238 3121 1345 3181 quis
1365 3134 1567 3183 unquam
1585 3121 1712 3169 ultro
1732 3124 1876 3169 semet
1898 3120 2060 3168 timuit
2073 3124 2189 3167 ,⁹—5
2227 3118 2349 3176 Quis
2371 3122 2405 3167 i.
2425 3135 2469 3170 s.

265 3199 310 3231 ο.
321 3184 474 3232 voluit
490 3184 606 3231 cod.
620 3183 965 3232 Schwarzian.
1008 3199 1149 3247 quam
1158 3185 1398 3247 publicata
1412 3186 1532 3234 edd.
1556 3193 1684 3234 vett.
1713 3190 1760 3234 et
1778 3199 1968 3248 corpore
1980 3185 2134 3234 alcius
2147 3184 2261 3234 cod.
2277 3182 2470 3233 Scheff.

268 3248 381 3296 Pro
402 3262 597 3297 onerare
614 3245 800 3297 Scheff.
821 3251 953 3312 conj.
970 3264 1157 3310 urgere.
1206 3251 1335 3300 Cod.
1358 3252 1707 3300 Schwarzian.
1729 3252 1995 3310 extendere,
2024 3252 2211 3320 plagam
2243 3250 2471 3313 accipere,

252 3312 489 3371 sortasse,
508 3316 589 3377 sse.
623 3314 747 3362 Vet.
769 3315 996 3363 Putean.
1026 3316 1295 3379 extendere,
1312 3318 1463 3380 plaga
1494 3316 1724 3381 accipere,
1744 3318 1979 3377 sortasse,
1998 3318 2081 3378 ξε.
2132 3314 2251 3366 eod.
2275 3313 2469 3365 Scheff.

260 3378 461 3441 plagam
481 3383 745 3442 expectare,
762 3380 1013 3444 fortassis,
1032 3382 1114 3445 ἔμ’.

1262 3495 1482 3547 NOTAE

275 3633 282 3637 .
333 3597 359 3625 ²
393 3590 591 3640 Fortius
612 3591 921 3656 paciscentes]
954 3594 1190 3645 Fortiore
1225 3595 1330 3643 ani·
1413 3593 1540 3643 nihil
1574 3592 2067 3657 prorsus·reliquum
2101 3590 2187 3647 sit,
2210 3591 2364 3655 plane
2388 3590 2471 3653 ja-

263 3682 355 3716 mo
378 3668 673 3730 pactionem
707 3681 823 3718 cum
857 3677 1026 3719 morte
1060 3668 1331 3735 facientes,
1413 3680 1518 3721 cet.
1587 3669 1762 3735 Atque
1785 3669 1882 3718 hoc
1905 3671 2172 3731 eleganter
2193 3668 2470 3717 admodum

263 3744 370 3794 hoc
392 3751 475 3793 est
499 3758 611 3793 eam
635 3744 800 3794 minus
823 3744 1162 3810 refugientes.
1413 3747 1733 3810 expressisse
1779 3745 1983 3795 videtur
2028 3744 2331 3793 adolescens
2374 3744 2473 3793 Te-

333 3820 358 3855 ὓ
394 3822 538 3871 Ultra
567 3837 695 3884 spem
729 3820 912 3884 timuit]
948 3824 1076 3873 Cum
1110 3823 1221 3887 spei
1255 3824 1333 3871 ui·
1414 3823 1692 3878 rentianus,
1727 3819 1894 3871 Andr.
1929 3835 1994 3870 ιι.
2025 3824 2076 3872 1.
2112 3822 2130 3849 ‘
2151 3822 2246 3870 Vae
2280 3822 2472 3870 misero

260 3898 337 3949 hil
363 3913 511 3965 aeque
546 3899 853 3948 adversetur
881 3913 941 3947 ac
968 3899 1151 3948 timor:
1189 3906 1331 3948 nota·
1413 3900 1569 3950 mihi!
1608 3900 1681 3949 Ut
1703 3900 1901 3948 animus
1936 3900 1987 3947 in
2022 3912 2114 3961 spe
2148 3905 2301 3962 atque
2329 3898 2380 3947 in
2407 3898 2474 3946 ti-

260 3985 378 4028 tum
401 3983 577 4026 tamen
600 3984 681 4025 est
711 3990 744 4025 a
775 3976 1168 4040 sapientissimis
1190 3977 1333 4039 viris,
1411 3991 1557 4027 more
1602 3989 1763 4040 nsque
1810 3976 2028 4025 antehac
2073 3981 2308 4024 attentus
2352 3974 2470 4036 fuit,

259 4054 361 4105 ubi
397 4054 561 4106 omnis
596 4053 800 4103 omnino
833 4053 1034 4104 sublata
1077 4068 1197 4116 spes
1234 4061 1334 4115 est,
1412 4054 1499 4108 Ita
1538 4063 1811 4118 postquam
1846 4053 2053 4103 ademta
2085 4067 2204 4118 spes
2237 4059 2337 4110 est,
2372 4054 2474 4101 las-

259 4147 331 4180 ne
358 4133 596 4182 timorem
622 4131 827 4196 quidem
857 4145 1011 4195 posse
1034 4131 1333 4181 subsistere.
1413 4148 1517 4189 sus,
1536 4147 1660 4183 cura
1681 4130 1948 4182 confectus
1969 4129 2184 4196 stupet.'
2229 4130 2470 4181 Muretus

261 4210 514 4260 Pendeat
535 4210 672 4258 enim
696 4214 905 4273 oportet
926 4209 1204 4260 metuentis
1224 4210 1330 4258 ani·
1412 4210 1536 4261 Var.
1561 4209 1708 4261 Lect-
1731 4222 1836 4262 xn-
1857 4211 1906 4258 8.

261 4300 421 4347 mus;
464 4287 553 4352 qui
592 4287 637 4339 si
673 4286 806 4350 spei,
843 4301 945 4352 quo
987 4293 1332 4350 sustentetur,

303 4378 336 4410 s
