3084 4959
912 346 1447 399 cossus-rino
1491 349 1678 403 aue.
1755 349 1842 399 x.
1882 334 1992 400 26.
2034 312 2037 314 V
2375 335 2547 404 1471

388 496 621 563 ‘'GAP.
669 510 901 560 xxvl.
972 496 1038 560 l.
1088 495 1150 559 Ο
1195 513 1332 558 nox
1372 494 1494 559 illa
1533 493 1797 561 aeternis
1838 492 2553 572 saeculi8,'monumen-

349 601 575 685 tisque
618 597 1033 663 mandanda!
1079 616 1258 672 cum,
1305 597 1555 678 spissis
1604 597 1887 660 tenebris
1931 595 2200 680 quidem
2243 615 2553 679 congres-

352 702 501 780 sis,g
544 701 860 777 Fortunae
903 704 1119 764 totum
1163 698 1411 775 liceret,
1442 707 1515 762 tu
1559 704 1805 775 tamen,
1837 698 2234 782 Imperator,
2273 716 2404 762 non
2450 700 2549 764 in-

350 805 556 870 tutior
597 808 918 885 tempore,
956 820 1156 884 quam
1203 799 1356 864 Deo
1397 799 1656 878 tectior,
1690 799 2069 865 saevissimo
2099 799 2277 865 hosti
2302 800 2551 867 multus

349 902 683 984 instares,¹²
726 913 816 982 et,
842 905 1152 969 libertate
1196 903 1402 969 caedis
1442 903 1784 976 exultanS,
1811 901 2053 966 donum
2093 903 2314 967 noctis
2346 903 2549 969 duce-

349 1027 482 1086 reS,
521 1008 709 1091 quod
744 998 1152 1091 'pugnantem
1196 1025 1393 1071 nemo
1438 1006 1790 1071 servaret!
1873 1004 2011 1070 Per
2048 1004 2326 1070 infestas
2371 1007 2552 1071 acies

350 1109 691 1174 interritus
719 1108 931 1185 vadis,
956 1107 1355 1173 densissima
1377 1126 1667 1192 quaeque
1687 1107 2085 1191 perrumpis,
2110 1106 2374 1192 dejicis,
2397 1127 2551 1192 pro-

352 1211 558 1278 teris..
623 1209 689 1274 2.
735 1209 980 1274 Mortis
1031 1208 1241 1274 decus
1286 1209 1589 1293 perdunt,
1636 1227 1806 1293 quos
1866 1210 2234 1292 ignoratus·
2274 1209 2552 1294 affligis}

350 1312 483 1377 nisi
513 1311 691 1395 quod
721 1319 789 1376 te
820 1312 977 1395 ipsa
1002 1311 1105 1376 vis
1136 1314 1248 1374 tua
1277 1311 1464 1392 cogit
1493 1311 1794 1393 agnosci.
1883 1310 2076 1376 Nihil
2104 1312 2276 1376 enim
2308 1318 2373 1378 te
2401 1333 2552 1396 per-

350 1421 645 1480 movent
667 1415 978 1479 tubarum
1020 1412 1253 1478 fractae
1293 1432 1521 1491 voces,
1551 1413 1914 1479 horrendus
1950 1414 2234 1479 militum
2273 1414 2550 1495 clamor,

353 1515 686 1598 permissa
740 1515 1016 1580 casibus
1075 1514 1377 1593 vulnera,
1432 1515 1598 1579 illisi
1654 1516 1963 1580 cominus
2021 1515 2253 1599 gladii,
2312 1517 2553 1582 caden-

356 1617 524 1682 tium
582 1635 817 1700 graves
868 1617 1179 1699 gemituS,
1234 1635 1422 1682 arma
1476 1617 1613 1681 late
1666 1619 2058 1702 strepentia,
2108 1625 2201 1683 et·
2225 1620 2293 1683 in
2342 1639 2553 1685 unum

354 1718 695 1802 quendam¹
726 1719 1015 1784 sonitum
1046 1720 1294 1785 diversi
1319 1719 1603 1801 fragoris
1632 1726 1786 1786 acta
1815 1721 2149 1800 confusio,
2177 1722 2361 1806 quod
2399 1722 2552 1789 haec

353 1822 582 1886 omnia
608 1831 729 1886 aut
753 1822 963 1887 virtus
991 1822 1294 1905 negligit,
1326 1827 1446 1886 aut
1471 1821 1572 1887 ira
1600 1843 1728 1887 non
1756 1824 2008 1889 sentit.⁶
2075 1824 2144 1888 3.
2187 1823 2351 1890 Nox
2374 1825 2552 1909 ipsa,

341 1924 724 2009 justissima
789 1924 1191 1990 bellantibus
1253 1943 1461 1990 causa
1525 1926 1816 2003 terroris,
1873 1925 2425 1992 vehementiorem
2484 1935 2551 1993 te

354 2027 637 2110 agendis
680 2027 1016 2110 stragibus
1058 2027 1328 2093 fecerat.
1388 2025 1622 2106 *Quod
1662 2029 1876 2094 solum
1907 2030 2081 2094 enim
2110 2032 2371 2096 virtutis
2413 2037 2551 2099 tuae

351 2130 895 2214 impedimentum
935 2136 1058 2206 est,
1089 2130 1584 2200 miserationem
1625 2133 1918 2197 tenebrae
1948 2140 2080 2197 non
2106 2129 2430 2198 habent·:³'
2475 2142 2551 2199 ut

352 2232 628 2318 intelligi
660 2235 883 2313 liceat,
915 2242 1235 2319 quantum
1267 2235 1385 2300 illo
1415 2236 1484 2299 in
1515 2235 1698 2301 bello
1729 2236 1833 2300 vis
1862 2242 1978 2302 tua
2006 2235 2380 2321 perfecerit,
2410 2238 2549 2321 pie-

414 2431 444 2466 δ
478 2435 689 2485 Putares
712 2441 761 2487 te
777 2454 808 2488 a
830 2442 966 2487 nocte
988 2436 1202 2503 Beneficii
1223 2437 1321 2486 loeo
1340 2437 1571 2501 accipere,
1593 2438 1717 2502 quod
1732 2454 1864 2490 nemo
1885 2443 1934 2489 te
1949 2439 2214 2491 observaret
2229 2440 2549 2492 dimicantem.

416 2507 438 2535 θ
467 2500 571 2550 Aut
591 2502 748 2552 virtus
763 2503 965 2567 spernit,
988 2509 1073 2553 aut
1092 2502 1323 2553 militaris
1341 2508 1486 2554 aestm
1503 2505 1737 2564 acfervor
1757 2519 1816 2555 ne
1835 2505 1982 2556 sentit
2003 2505 2207 2569 quidem.

1253 2648 1407 2669 mn

422 2764 561 2813 Cn·-
602 2776 762 2813 xxvi.
843 2768 870 2814 l
926 2765 973 2813 Ο
1007 2779 1105 2815 nox
1139 2765 1226 2816 illa
1259 2766 1475 2817 extemis
1510 2766 1737 2831 Guelph.
1784 2767 1927 2830 spiris
1962 2765 2254 2831 tenebrisque
2277 2780 2553 2828 congressus

352 2829 527 2878 Moerl.
564 2828 772 2878 Puteol.
809 2829 1021 2890 cuspin.
1060 2831 1290 2882 Rbeusn.
1323 2833 1394 2882 H.
1427 2839 1482 2883 et
1511 2833 1576 2881 P.
1599 2832 1779 2896 Stepb.
1803 2832 1971 2883 Livin.
1995 2832 2165 2882 Rivin.
2236 2833 2373 2881 Vide
2404 2833 2551 2882 Nott.

360 2896 510 2944 Varr.
540 2896 655 2942 adeo
685 2893 855 2943 tectior
893 2895 1109 2960 Cuspin·
1144 2897 1314 2946 Livin.
1354 2897 1420 2946 P.
1448 2897 1630 2962 steph.
1659 2914 1691 2947 α
1723 2900 1807 2947 deo
1840 2897 2008 2947 tectior
2043 2897 2274 2947 Rhenan.
2307 2896 2482 2946 Rivin.
2506 2902 2553 2950 1.
2615 2952 2622 2958 ,

352 2960 458 3009 Deo
478 2959 649 3008 tectior
669 2959 792 3006 Vet.
816 2959 985 3008 Livin.
1005 2962 1208 3011 Ber-tin.
1233 2963 1364 3011 Exc.
1393 2962 1555 3021 Lang.
1579 2963 1754 3012 Moerl.
1777 2962 1999 3024 Guelph.
2020 2977 2137 3012 cum
2168 2962 2287 3012 edd.
2316 2963 2471 3013 Grnt.
2495 2971 2553 3012 et

354 3031 581 3073 recentt.
613 3023 794 3072 inultus
814 3023 1019 3075 instares
1033 3025 1201 3077 Livin.
1220 3034 1278 3077 et
1298 3027 1363 3076 P.
1381 3028 1565 3090 Steph.
1598 3029 1774 3077 multus
1794 3027 1994 3076 iratam
2015 3028 2136 3076 Vet.
2152 3027 2322 3076 Livin.
2336 3028 2554 3090 Cuspiu-

351 3089 518 3138 Rhen.
543 3088 609 3136 al.
678 3089 815 3138 Vide
837 3090 992 3139 Nott.
1009 3092 1160 3141 Varr.
1195 3106 1388 3155 queque
1411 3091 1681 3156 prorumpis
1708 3092 1919 3142 Puteol.
1944 3092 2154 3154 Cuspio.
2179 3090 2349 3141 Rhen.
2370 3094 2551 3156 Steph-

352 3153 709 3205 Livin.·Rivin.
725 3170 771 3219 q.
788 3155 1187 3218 perrumpisvet.
1203 3157 1557 3208 Putean.Vet.
1575 3158 1738 3208 Livio.
1757 3157 1954 3209 Bertin.
1971 3158 2144 3208 Moerl.
2158 3157 2376 3222 Guelph.
2398 3158 2558 3208 (ἂι-ιιι,

354 3226 410 3268 et
432 3225 751 3277 meeum—2
781 3220 887 3269 Pro
905 3220 1140 3283 permissa,
1162 3222 1396 3272 nonnulli
1420 3237 1502 3285 ap.
1525 3223 1695 3272 Rben.
1727 3222 1981 3285 pennixto.
2050 3223 2274 3287 Guelpb.
2304 3224 2551 3274 cadentum

351 3289 632 3344 gravem—3
651 3284 852 3336 Bertin.
871 3286 1000 3337 Exc.
1016 3286 1205 3338 Scbou.
1224 3296 1280 3338 et
1294 3287 1510 3353 Cuspio.
1529 3287 1732 3338 tenebra·
1749 3303 1842 3338 non
1856 3287 2104 3338 habebam.
2135 3288 2361 3354 Guelpb.
2376 3290 2449 3340 vis
2467 3295 2552 3340 tua

1316 3458 1323 3467 ·
1342 3435 1565 3488 NOTAE

355 3520 360 3526 ⁵
421 3540 442 3575 ¹
472 3516 772 3596 Considerata·
819 3549 968 3612 ratio]
1004 3520 1144 3600 =Nec
1195 3549 1413 3601 circum·
1454 3539 1464 3546 ⁹
1493 3524 1618 3601 dum
1664 3556 1790 3615 puta
1831 3565 1928 3615 pro
1968 3551 2113 3613 spiris
2150 3549 2457 3613 tenebrisque,
2492 3554 2551 3599 ut

354 3620 540 3684 specti,
563 3625 654 3669 aut
688 3622 958 3684 prudentis
990 3625 1139 3689 ratio,
1175 3639 1273 3676 nec
1310 3626 1413 3676 for·
1493 3633 1644 3676 extat
1664 3626 1719 3676 in
1742 3627 2039 3689 vulgaribus
2060 3625 2386 3676 editionibus.

353 3697 496 3746 mido
527 3711 645 3762 quae
682 3699 736 3748 in
762 3701 895 3750 viros
930 3702 1116 3752 cadere
1154 3703 1413 3755 interdum
1557 3701 1582 3736 Ι·
1608 3703 1844 3768 Instares]
1878 3705 2019 3769 Lege
2037 3705 2233 3759 instare,
2251 3711 2306 3753 et
2326 3716 2445 3753 mox
2465 3704 2552 3752 du·
2655 3700 2664 3715 ’

357 3775 509 3824 solet.
1492 3794 1613 3832 cere.

418 3858 445 3894 8
476 3850 660 3914 Spissis
691 3852 901 3903 tenebris
934 3853 1121 3917 quidem
1153 3855 1415 3918 congressis
1532 3844 1575 3890 ‘¹
1606 3859 1739 3914 Quos
1768 3858 2021 3922 ignoratus
2051 3857 2251 3925 affligis]
2288 3857 2551 3910 Nesciunt

352 3925 673 3992 [congressus]
719 3928 784 3978 Id
827 3936 925 3991 est,
959 3930 1258 3981 certaminis
1294 3947 1414 3983 mox
1493 3933 1632 3984 euim
1656 3948 1714 3983 se
1735 3934 1930 3984 invicta
1950 3949 2104 3984 manu
2129 3942 2218 3983 tua
2241 3935 2431 3998 perire.

350 4005 367 4031 ‘
386 4001 609 4053 fortnnae
631 4011 795 4053 totum
818 4003 1039 4062 liceret,’
1062 4005 1112 4055 id
1136 4013 1239 4068 est,
1261 4021 1413 4058 even·
1555 4009 1574 4054 ³
1604 4011 2195 4065 Mimationem,tenebrae
2225 4026 2317 4061 non
2349 4011 2547 4076 habent]

357 4085 439 4128 tus
463 4079 627 4128 omnis
652 4095 813 4144 penes
837 4079 1097 4131 fortunam
1120 4091 1277 4133 esset.
1327 4083 1414 4135 Ita
1494 4086 1629 4137 Quia
1662 4089 1799 4138 enim
1830 4089 1997 4139 noctis
2029 4095 2263 4153 tempore
2285 4102 2386 4138 non
2409 4088 2547 4138 vide-

354 4161 527 4204 autem
569 4157 738 4207 locum
789 4157 1136 4221 interpretum
1187 4161 1413 4211 omnium
1494 4169 1581 4213 tur
1615 4172 1837 4231 strages,
1871 4178 1974 4216 uon
2008 4171 2092 4216 ert
2125 4164 2439 4217 miserationi
2472 4165 2549 4216 lo·

345 4231 549 4296 judicio
602 4233 1088 4299 depravatissimum
1135 4236 1413 4288 emendan-
1492 4252 1584 4289 cus
