3084 4959
585 344 761 412 1616
1384 363 1656 414 nunu
1707 364 1985 417 uon-1

586 510 770 576 omni
799 508 1095 576 severius
1124 510 1535 595 quaestion&
1578 518 1707 591 est,
1736 532 1778 578 a
1808 519 1872 577 te
1900 513 2311 598 interrogari.
2397 516 2467 585 6.
2512 517 2628 585 Ad
2654 519 2791 607 pri-

584 632 763 677 mam
806 618 987 677 tuam
1022 632 1265 679 vocem
1313 613 1573 678 nefario
1627 617 1880 699 pectori
1930 635 2228 694 excussa
2275 621 2613 687 confessio
2657 633 2785 700 est,

582 733 711 780 nec
754 715 1057 780 cunctari
1107 714 1345 780 saltem
1395 724 1515 780 aut
1558 717 1915 781 mussitare
1953 718 2196 802 potuit,
2225 722 2387 803 quin
2432 724 2786 790 consilium

584 838 779 885 omne
810 817 1149 895 nudaret,·’
1174 838 1246 883 se
1275 817 1599 884 videlicet
1641 819 1890 885 favoris
1932 822 2035 885 tui
2080 822 2464 889 obtendisse
2492 838 2781 910 praetex-

582 928 746 1001 tum,
778 920 959 1005 quod
989 920 1185 986 aliter
1210 939 1342 985 non
1372 922 1717 1005 potuisset
1745 921 2011 987 allicere
2055 924 2341 991 militum
2367 929 2779 1010 societatem,

580 1025 709 1089 nisi
740 1043 816 1090 se
846 1024 1336 1090 auctoramenti
1364 1020 1493 1088 tuii
1520 1022 1836 1091 finxisset
1865 1032 2258 1092 auctorem.ar

668 1126 850 1193 cm».
900 1143 1113 1191 xmv.
1200 1126 1267 1192 1.
1311 1125 1399 1191 Et
1442 1133 1604 1210 post
1649 1126 1821 1192 hanc
1871 1132 1947 1192 tu
1998 1147 2234 1194 vocem
2293 1149 2427 1195 non
2477 1132 2665 1198 illum
2715 1134 2784 1200 in

579 1250 847 1296 crucem
889 1229 1067 1308 tolli,
1108 1249 1244 1296 non
1288 1230 1481 1295 culeo
1527 1229 1724 1307 insui,
1768 1249 1902 1294 non
1949 1230 2240 1315 discerpi
2274 1232 2346 1297 in
2386 1233 2595 1300 frusta
2631 1236 2787 1320 jus-

580 1334 778 1400 sisti'l
823 1353 956 1399 non
987 1341 1329 1418 postremo
1359 1332 1543 1397 illam
1576 1333 1744 1397 tanti
1773 1353 1954 1398 ream
1986 1319 2331 1400 mendacii<
2361 1336 2651 1419 linguam
2680 1358 2783 1403 ra-

578 1439 824 1505 dicitus
850 1438 991 1503 erui
1020 1437 1427 1521 praecepisti,
1456 1454 1610 1501 cum
1649 1454 1880 1500 eorum
1919 1442 2110 1519 parte
2141 1437 2472 1519 vitalium,
2502 1459 2784 1522 quorum

575 1543 791 1608 fuerat
817 1541 1047 1606 locuta
1075 1546 1518 1608 commentum
1538 1541 1608 1604 Ἰ·
1691 1539 1754 1604 2.
1805 1538 1988 1620 Quin
2007 1540 2155 1624 jam
2181 1560 2496 1626 coeperas
2521 1542 2606 1607 de
2638 1543 2784 1628 ejus

576 1651 792 1709 morte
823 1643 1147 1720 dubitare,
1172 1648 1238 1707 et
1280 1641 1626 1726 dejeceras
1665 1641 1928 1722 oculos,
1959 1648 2026 1709 et
2058 1643 2320 1707 vultum
2368 1645 2611 1710 rubore
2646 1645 2781 1712 suf-

573 1747 868 1826 fuderas,
920 1754 992 1812 et
1039 1766 1197 1812 cum
1252 1745 1716 1812 misericordia
1758 1745 2161 1830 loquebaris·
2250 1745 2388 1811 Sed
2434 1746 2602 1812 bene
2655 1755 2785 1827 est,

576 1850 762 1936 quod
793 1869 929 1914 uon
959 1848 1187 1913 omnia
1222 1852 1457 1932 potes:
1501 1848 1602 1913 tui
1643 1854 1708 1913 te
1738 1844 2107 1912 vindicantj
2150 1854 2222 1913 et
2249 1848 2551 1914 invitum.
2639 1849 2783 1915 Ra-

574 1952 760 2038 pitur
803 1971 961 2034 ergo
995 1970 1087 2016 ex
1131 1945 1407 2029 oculiS,¹‘
1436 1956 1500 2014 et
1539 1970 1623 2015 ne
1657 1950 1822 2033 quid
1866 1950 2066 2015 licere
2109 1956 2341 2035 posset
2381 1952 2781 2033 clementiae,

572 2057 738 2121 inter
766 2056 1149 2118 innumeras
1179 2072 1421 2118 manus
1444 2053 1654 2118 fertur
1683 2051 1770 2117 ad
1802 2058 2102 2117 mortem.
2188 2053 2258 2119 3.
2303 2054 2485 2119 Ecce
2513 2055 2784 2135 iterum,

574 2155 970 2240 Imperator,
1011 2155 1357 2234 averteriS,
1388 2162 1461 2219 et
1501 2154 1693 2219 illam
1738 2155 2068 2240 tyrannici
2118 2155 2344 2220 exitus
2386 2156 2780 2222 relationem

571 2259 915 2341 gravaris!
999 2259 1046 2324 J
1053 2278 1184 2336 am,
1218 2258 1365 2342 jam
1411 2263 1558 2322 esto
1603 2274 1910 2334 securus»,
1949 2276 2172 2339 geram
2216 2257 2592 2326 clementiae
2641 2267 2781 2325 tuae

571 2380 858 2442 morem;
911 2361 1090 2445 quod
1141 2359 1420 2425 noluisti
1467 2359 1708 2434 videre,
1755 2378 1893 2424 non
1952 2359 2208 2424 audies.
2291 2361 2356 2424 4.
2402 2360 2592 2439 Huc,
2642 2362 2783 2429 huc

497 2489 504 2496 ’
575 2470 757 2528 totas
786 2464 884 2548 pii
917 2468 1108 2529 vates
1145 2464 1491 2529 doctarum
1529 2462 1821 2527 noctium
1868 2462 2174 2526 conferte
2218 2481 2435 2542 curaS,
2462 2465 2594 2528 hoc
2635 2484 2780 2532 om·

635 2656 660 2682 ¹·
692 2649 868 2699 Diu-ius
889 2649 1016 2699 omni
1037 2653 1286 2699 tormento.
1446 2662 1451 2669 ·
1803 2655 1839 2680 ¹⁰
1869 2647 2044 2697 Palam
2055 2645 2268 2706 faceret.

633 2720 660 2745 ⁸
694 2715 813 2764 Nisi
830 2729 879 2765 se
895 2714 1230 2764 auctoritatem
1252 2714 1335 2763 abs
1365 2717 1414 2761 te
1427 2712 1657 2777 accepisse
1676 2712 1961 2762 simulasset.

636 2786 664 2811 ‘⁸
693 2780 1101 2842 Prae-ordiantur,
1120 2793 1318 2842 quorum
1338 2781 1633 2827 mendacium
1651 2779 1935 2841 protulerat.

635 2842 658 2877 ⁸
692 2846 763 2894 Et
784 2845 919 2895 illam
938 2847 997 2895 de
1025 2846 1163 2895 exitu
1186 2844 1385 2908 tyranni
1406 2845 1727 2893 narrauonem
1744 2841 1946 2905 refugis.

1488 2969 1517 2989 0
1521 2968 1730 2991 oenone
1734 2969 1787 2989 Ὀ
1791 2968 1851 2989 O&

569 3052 816 3104 vatican.
838 3054 1067 3118 Guelph.
1118 3053 1284 3105 Habet
1302 3068 1435 3104 mens
1458 3053 1597 3118 conj.
1634 3052 1838 3102 Acidal.
1885 3067 1917 3101 a
1938 3056 1987 3101 te
2018 3051 2303 3113 interrogati
2321 3054 2384 3100 ad
2401 3053 2606 3115 primam
2639 3054 2781 3106 Exc.

568 3120 959 3170 &bonhem—6
997 3118 1132 3168 Edd.
1168 3127 1298 3168 vett.
1329 3119 1538 3169 militam
1570 3119 1817 3168 societates
1828 3133 1849 3176 ,·
1899 3118 2024 3165 Vet.
2060 3117 2285 3166 Putean.
2317 3118 2445 3167 Exc.
2482 3118 2782 3172 Schonhov.

568 3184 798 3247 Guelph.
823 3186 888 3234 al.
908 3201 972 3233 m.
993 3185 1279 3234 societatem.
1347 3186 1496 3245 Mox,
1517 3185 1634 3235 cod.
1658 3181 1847 3233 Scheff·
1877 3183 1974 3231 nisi
2010 3183 2352 3231 auctoramenti
2377 3184 2450 3233 tui
2471 3191 2518 3232 te
2534 3183 2782 3247 finxisset

566 3256 802 3300 auctorem
814 3264 834 3309 ,·
886 3250 1090 3300 Bertin.
1112 3250 1210 3298 nisi
1233 3249 1307 3298 tui
1328 3265 1377 3299 se
1403 3254 1662 3298 auctorum.
1680 3247 1951 3312 finxissent
1963 3263 1986 3306 ,·
2035 3247 2170 3295 unde
2195 3248 2363 3296 Livin.
2389 3249 2485 3296 nisi
2504 3250 2578 3295 sui
2600 3254 2648 3297 te
2661 3265 2784 3299 aue-

566 3319 738 3364 toram.
758 3316 993 3378 finxisset
1007 3330 1024 3371 ς
1059 3315 1280 3365 Ritters.
1304 3314 1402 3363 nisi
1419 3319 1465 3363 te
1484 3314 1826 3363 auctoramenti
1845 3312 1922 3361 sui
1938 3312 2172 3376 finxisset
2191 3318 2425 3362 auctorem
2439 3328 2458 3368 ,·
2493 3314 2648 3363 Grnt.
2675 3316 2787 3365 nisi

565 3380 908 3430 auctoramenti
927 3381 1003 3429 sui
1023 3386 1070 3430 te
1084 3379 1320 3445 finxisset
1337 3386 1574 3430 auctorem
1590 3395 1611 3437 ‚·
1646 3377 1983 3428 Rittershusii
2006 3378 2354 3442 conjecturam
2372 3378 2618 3428 exhibent
2638 3380 2785 3430 Exeo

565 3446 944 3561 ειὲἶῐὲιῗῗέιν.
995 3514 1022 3559 1
1059 3508 1288 3572 Guelph.
1324 3523 1415 3559 non
1443 3513 1680 3573 postremo
1711 3507 1903 3557 tua-2
1937 3507 2044 3557 Pro
2073 3507 2147 3557 tui
2177 3511 2225 3556 te
2254 3507 2519 3565 vindicant,
2550 3508 2787 3558 Ritters.

563 3575 841 3642 legendum
877 3575 1102 3640 putavit,
1138 3574 1230 3624 Dii
1258 3580 1306 3625 te
1336 3576 1692 3626 vindicum—3
1731 3573 1910 3623 Eccei.
1942 3573 1988 3622 Ι.
2027 3574 2295 3623 adverteris
2328 3573 2552 3637 Gnelph.
2621 3574 2785 3626 Idem

1514 3773 1522 3781 υ
1558 3699 1774 3752 NOTAE
2212 3715 2233 3778 ’ἱ

624 3800 642 3834 ¹
673 3798 1030 3850 Auctor-amenti
1044 3800 1117 3850 tui
1134 3799 1257 3865 [sui]
1283 3799 1437 3850 Hunc
1453 3801 1622 3849 locum
1702 3800 1906 3863 Paneg.
1924 3813 2025 3849 vn.
2037 3803 2122 3849 20.
2144 3783 2232 3850 ubi
2251 3799 2534 3849 Eumenius
2551 3800 2618 3849 ad
2636 3800 2786 3849 Con·

563 3878 770 3929 restitui
808 3890 875 3926 ex
896 3878 1178 3926 Viennensi
1211 3877 1441 3927 editione
1460 3878 1623 3927 omni-
1701 3877 1986 3926 stantinum
2010 3876 2076 3924 de
2098 3876 2420 3926 Maximiano
2442 3877 2598 3926 simili
2618 3877 2789 3940 plane

561 3968 752 4019 umque
774 3954 1115 4018 interpretum
1137 3954 1519 4004 emendatione.
1554 3953 1620 4003 In
1702 3955 1908 4004 ratione
1942 3968 1975 4003 a
2007 3951 2258 4004 militibus
2291 3954 2504 4003 occiso:
2544 3953 2564 3982 ‘
2592 3953 2691 4003 Dii
2729 3963 2789 4005 te

562 4028 676 4079 aliis
700 4038 801 4094 est,
819 4030 916 4080 nisi
927 4045 976 4079 se
994 4030 1337 4080 auctoramenti
1357 4029 1620 4095 tuifinxis-
1702 4029 2009 4087 vindicant‚’
2033 4032 2222 4095 inquit,
2245 4030 2261 4057 ‘
2281 4030 2365 4079 vel
2382 4028 2642 4079 invitum.’

561 4110 634 4155 set
664 4112 916 4156 auctorem.
983 4108 1066 4156 De
1094 4106 1192 4157 bac
1224 4120 1351 4156 voce
1381 4120 1537 4171 snpra
1567 4106 1621 4155 in
1767 4105 1793 4140 ¹⁵
1827 4107 2042 4171 Rapitur
2062 4122 2174 4170 ergo
2195 4122 2259 4158 ex
2288 4105 2462 4171 oculis]
2495 4108 2588 4158 lta
2608 4105 2793 4160 refert

562 4180 761 4244 Paneg.
785 4195 839 4230 v.
864 4187 942 4232 12.
1705 4186 1965 4239 Socrates.

622 4256 641 4299 ³
674 4258 768 4308 Tui
786 4262 833 4308 te
853 4258 1134 4326 vindicant]
1155 4259 1393 4314 Sumtum
1410 4259 1534 4312 illud
1557 4277 1620 4312 ex
