3084 4959
1054 371 1548 425 ΜΛιῑιΜιΑΝο.
1627 372 1744 421 ιιι.
1788 356 1858 423 3.
2395 359 2569 427 1201

351 518 619 590 Deinde
668 517 1017 603 praecipue
1056 518 1261 584 vestri
1299 517 1398 583 illi
1427 518 1795 604 parenteS,¹’
1824 518 1943 603 qui
1977 517 2177 584 vobis
2207 523 2275 584 et
2302 521 2573 591 nomina

350 630 426 689 et
472 621 762 706 imperia
804 619 1188 696 tribuerunt,
1235 619 1581 704 perpetuis
1626 621 2068 687 maximorum
2121 641 2403 706 operum
2453 641 2568 689 ac-

347 725 652 790 tionibus
695 728 1131 807 occupantur.
1220 724 1284 786 4.
1332 722 1461 787 Ille
1502 723 1837 807 siquidem
1878 722 2290 790 Diocletiani
2332 731 2571 791 auctor

353 827 567 906 DeuS,
611 832 857 912 praeter
908 825 1237 908 depulsos
1292 824 1633 908 quondam
1679 825 1840 891 coeli
1893 828 2333 910 possessione
2383 827 2577 895 Tita-

352 937 527 1008 nas,‘¹
570 936 639 994 et
678 947 847 993 mox
875 926 1296 992 biformium‘
1339 927 1516 992 bella
1569 934 2039 1007 monstrorum,
2092 931 2359 1013 perpeti
2411 947 2574 1009 cura

355 1032 670 1116 quamvis
699 1029 1157 1114 compositum
1187 1031 1513 1112 gubernat
1550 1030 1928 1114 imperium,
1964 1037 2165 1116 atque
2207 1031 2385 1097 hanc
2429 1038 2576 1099 tan-

353 1139 491 1200 tam
543 1133 792 1200 molem
839 1131 1247 1215 infatigabili
1291 1152 1492 1199 manu
1541 1134 1780 1210 volvit,
1823 1134 2296 1219 omniumque⁸
2351 1153 2573 1201 rerum

354 1237 627 1302 ordines
659 1255 743 1300 ac
773 1236 959 1300 vices
993 1235 1278 1319 pervigil
1309 1241 1560 1302 servat.
1646 1237 1711 1300 5.
1759 1235 2003 1321 Neque
2035 1237 2209 1302 enim
2241 1241 2397 1301 tunc
2426 1241 2576 1301 tan-

352 1338 699 1404 tummodo
730 1345 1215 1419 commovetur,
1246 1358 1403 1404 oum
1432 1340 1732 1405 tonitrua
1762 1339 2020 1417 incutit,
2047 1343 2114 1403 et
2150 1338 2435 1403 fulmina
2465 1339 2573 1424 ja·

355 1441 485 1521 cit-3
534 1440 651 1504 sed
681 1439 909 1515 etiam,
933 1439 993 1503 si
1014 1439 1493 1506 tumultuantia
1518 1440 2001 1506 elementorum
2027 1440 2250 1506 officia
2270 1441 2576 1526 pacavit,

354 1542 787 1608 nihilominus
834 1546 1057 1607 tamen
1101 1546 1169 1607 et
1211 1539 1357 1615 sata
1400 1542 1735 1626 disponit,
1777 1549 1846 1607 et
1887 1543 2102 1626 ipsaS,
2143 1561 2298 1627 quae
2345 1543 2577 1609 tacitas

355 1646 697 1722 labuntur,
728 1663 925 1709 auras
966 1643 1245 1728 placido
1279 1646 1433 1710 sinu
1459 1645 1704 1722 fundit,
1735 1649 1803 1709 et
1841 1646 1909 1709 in
1945 1645 2226 1710 adversa
2255 1645 2576 1710 nitentem

355 1748 616 1832 impetu
660 1745 819 1812 coeli
863 1746 1046 1831 rapit
1087 1746 1357 1812 solem:¹
1456 1747 1521 1813 6.
1580 1745 1854 1826 Itidem,
1902 1745 2349 1826 Maximiane,
2397 1745 2578 1811 Her-

371 1933 376 1937 ·
420 1915 464 2001 4
480 1918 551 1968 Et
559 1916 832 1981 fulgentem
851 1918 997 1968 sotem
1017 1930 1122 1967 cum
1139 1915 1383 1968 celeritate
1404 1914 1584 1980 obripit
1605 1917 1659 1967 in
1679 1917 1927 1967 udoermn
1947 1916 2051 1967 coeli
2065 1920 2274 1981 portem,

1266 2040 1642 2065 OOOOOmOOOO

361 2133 393 2179 8
418 2127 556 2177 Gud.
579 2131 627 2178 1.
648 2129 732 2193 qui
762 2127 893 2179 vobis
924 2127 1084 2178 omino
1100 2145 1122 2188 ,-
1178 2126 1310 2178 Exc.
1353 2128 1509 2178 Voss.
1544 2129 1628 2191 qui
1662 2127 1795 2177 vobis
1826 2129 2138 2179 nominum—4
2175 2127 2371 2177 Titanes
2402 2125 2583 2177 Livin-

360 2195 500 2245 NaV.
528 2195 677 2243 Paul.
704 2194 887 2258 steph.
913 2200 969 2243 et
993 2195 1059 2243 al.
1087 2200 1220 2242 vett.
1257 2194 1460 2243 Titanus
1495 2194 1629 2243 Exc.
1652 2194 1805 2241 Voss.
1828 2194 1913 2244 alii
1939 2192 2093 2243 codd.
2119 2200 2175 2243 et
2197 2194 2432 2256 impressi
2460 2201 2583 2254 post

361 2260 519 2308 Grut.
551 2259 828 2320 deformium
852 2259 971 2308 edd.
998 2264 1131 2308 vett.
1150 2264 1273 2307 ante
1297 2258 1457 2308 Grut.
1492 2257 1763 2318 biformium
1785 2259 1917 2307 Exc.
1949 2259 2238 2308 Sebouhov.
2262 2259 2385 2307 Vet.
2416 2257 2586 2306 Lirin.

360 2325 514 2373 Grut.
538 2330 593 2372 et
614 2339 728 2388 quae
752 2324 1001 2386 deinceps
1025 2330 1224 2373 secutae
1243 2322 1364 2373 edd.
1400 2322 1622 2384 biformia
1647 2324 1765 2372 cod.
1795 2324 2089 2387 Sebini-sii,
2107 2325 2235 2374 Vet.
2269 2323 2494 2372 Putean.
2527 2324 2585 2371 et

359 2390 502 2447 Exm·
521 2389 679 2437 Voss.
706 2388 908 2453 prepeti
928 2402 1043 2438 cura
1066 2388 1303 2438 Rhenan.
1329 2389 1468 2438 Nav.
1493 2389 1659 2438 Livin.
1680 2389 1746 2439 P.
1773 2394 1829 2437 et
1855 2389 1926 2438 H.
1949 2389 2135 2452 Stepb.
2160 2395 2215 2438 et
2238 2387 2415 2438 Rivin.
2473 2401 2586 2449 per·

356 2453 461 2519 peti
482 2468 598 2502 cura
621 2454 754 2502 Exc.
790 2454 1077 2502 Schonbov.
1109 2453 1243 2502 Exc.
1285 2453 1488 2517 Langii,
1523 2454 1736 2504 Puteol.
1777 2456 1918 2503 1476.
1946 2454 2179 2506 Rhenan.
2207 2455 2333 2503 Vet.
2357 2454 2586 2502 Putean.

261 2528 279 2537 ·
360 2519 567 2568 Bertin.
593 2518 811 2580 Cuspin.
836 2518 1007 2567 Paris.
1030 2521 1177 2567 1643.
1202 2517 1369 2567 Baun.
1405 2525 1462 2566 et
1486 2525 1712 2567 recentt.
1757 2519 1965 2568 omnium
1985 2534 2164 2582 quoque
2185 2520 2317 2568 Exc.
2339 2517 2582 2567 Vossian-

360 2583 574 2634 Puteol.
601 2587 748 2638 1416.
771 2583 986 2646 Cuspin.
1021 2583 1259 2635 Rlneusn.
1282 2582 1503 2644 Navius,
1527 2583 1697 2633 Liviu.
1722 2582 1791 2632 fl.
1810 2591 1863 2631 et
1891 2584 1954 2633 P.
1979 2585 2230 2647 Stephan-
2270 2583 2502 2633 Patarol.
2528 2589 2587 2632 et

357 2648 539 2698 ‘Rivim
595 2650 892 2711 omniumque
913 2649 1039 2697 Vet.
1063 2648 1286 2696 Putean.
1311 2647 1428 2698 cod.
1452 2647 1712 2698 Schwarz.
1735 2653 1789 2696 et
1811 2648 1931 2698 edd.
1961 2656 2186 2699 recentt.
2218 2648 2429 2696 ordinem
2451 2648 2582 2696 Exc-

362 2713 521 2763 Voss.
542 2714 656 2762 cod.
680 2713 941 2762 Schwarz.
964 2718 1019 2762 et
1044 2712 1186 2762 Gud.
1209 2717 1358 2762 2.-5
1382 2719 1398 2741 ‘
1426 2713 1603 2762 Possis
1628 2714 1786 2761 etism
1811 2715 2006 2778 legere,
2027 2717 2110 2765 sed
2132 2714 2341 2773 etiamsi,
2372 2712 2505 2760 sicut
2533 2712 2586 2779 in

363 2779 622 2827 nonnullis
645 2777 790 2827 libris
812 2778 1064 2840 scriptum
1097 2777 1403 2841 editumque
1439 2776 1556 2826 est.’
1600 2778 1844 2828 Schworz.
1909 2779 2104 2840 Verba,
2131 2784 2179 2828 et
2199 2777 2316 2838 soto
2353 2776 2587 2840 disponit,

362 2843 558 2893 desunt
579 2844 632 2892 in
654 2841 892 2892 omnibus
914 2843 1033 2893 edd.
1056 2849 1180 2892 ante
1202 2843 1462 2892 Schwsrz.
1496 2850 1700 2893 extant.
1725 2844 1776 2892 in
1802 2842 1957 2892 codd.
1979 2844 2182 2894 Bertin.
2205 2843 2330 2892 Vet.
2355 2843 2585 2892 Putean.

365 2908 595 2971 Guelph.
611 2913 665 2956 et
679 2909 810 2956 Exc.
830 2910 984 2957 Voss.
1021 2907 1200 2956 Codex
1223 2907 1504 2957 Schwarzii
1523 2909 1755 2965 exbibet,
1779 2909 1975 2966 etfucta
1992 2908 2221 2973 disponit.
2255 2908 2423 2958 Lirin.
2449 2907 2590 2971 conj.

362 2973 496 3023 elem.
519 2989 564 3022 o.
585 2972 793 3035 pacavit,
807 2977 854 3022 et
876 2973 990 3033 sato
1010 2972 1261 3035 disposuit,
1279 2971 1586 3022 nibilominus
1604 2980 1760 3023 tumen
1784 2977 1831 3022 et
1848 2975 1999 3036 ipsus,
2018 2976 2102 3036 ξε.
2168 2973 2321 3032 Mox,
2349 2973 2584 3021 thenan.
2614 2982 2622 2991 ·

365 3038 441 3089 Η.
466 3038 649 3101 steph.
674 3046 730 3086 et
757 3037 993 3087 Patarol.
1036 3052 1142 3100 quoe
1162 3039 1326 3085 tacite.
1381 3037 1575 3100 Vulgg.
1612 3038 1716 3087 ooeli
1748 3038 1981 3093 nitentem
2018 3039 2198 3101 impetu
2215 3052 2235 3094 ,-
2267 3038 2392 3086 Vet.
2417 3036 2586 3086 Livin-

366 3103 520 3153 codd.
542 3101 838 3162 Schwarzii,
859 3113 913 3152 et
938 3103 1069 3151 Exc.
1094 3102 1243 3150 Voss.
1264 3103 1491 3150 nitentem
1523 3102 1704 3166 impetu
1726 3104 1863 3159 ooeli,·
1899 3117 2051 3166 quam
2077 3101 2355 3152 lectionem
2382 3103 2588 3165 recepit

365 3166 803 3219 Arntzenius.-6
824 3171 840 3195 ‘
860 3167 1083 3219 Quidam
1121 3166 1238 3215 libri
1275 3173 1395 3228 post
1428 3164 1621 3229 itidem,
1658 3172 1855 3230 ponunt
1896 3182 2106 3231 quoque,·
2155 3166 2240 3215 alii
2277 3167 2588 3231 simpliciter

365 3248 473 3297 que.
542 3233 710 3283 Nobis
733 3233 1002 3296 praecipue
1027 3232 1219 3292 placet.
1240 3230 1376 3293 quod
1404 3236 1624 3295 utraque
1645 3233 1760 3282 baec
1785 3235 2060 3296 particula.
2080 3247 2197 3282 cum
2222 3232 2278 3282 in
2298 3242 2476 3282 nostro
2500 3247 2589 3282 co·

367 3298 504 3354 dice,
530 3304 640 3348 tum
662 3298 713 3346 in
740 3305 958 3361 utroque
983 3296 1116 3345 libro
1139 3295 1404 3355 Gudiano,
1437 3309 1645 3358 prorsus
1670 3299 1859 3346 omissa
1878 3307 1994 3348 est:
2029 3312 2319 3364 quanquam
2346 3307 2400 3348 et
2425 3297 2590 3361 parti-

369 3364 540 3413 culam
564 3378 653 3425 que
676 3361 901 3424 facilius,
925 3376 1073 3426 quam
1097 3370 1294 3425 quoque,
1311 3358 1602 3412 ferremus?
1635 3362 1879 3412 δάψαι-ε.
1944 3363 2211 3426 Itidemque
2234 3365 2356 3412 Vet.
2381 3363 2588 3412 Berlin.

370 3442 458 3491 ap.
478 3428 648 3478 Lirin.
714 3433 730 3456 ⁸
757 3427 895 3476 Illud
919 3441 1096 3489 quoque
1119 3427 1339 3475 debetur
1365 3425 1611 3491 librariis,
1631 3442 1692 3478 eo
1716 3442 1857 3477 more
1881 3430 2246 3492 peccantibus,
2268 3427 2333 3477 de
2351 3443 2451 3491 qno
2474 3427 2586 3477 dixi

368 3493 435 3542 ad
460 3493 655 3556 Paneg.
672 3506 793 3556 cap.
819 3496 867 3542 1.
883 3506 936 3557 p.
958 3496 1006 3541 5.
1024 3500 1081 3541 et
1103 3490 1201 3540 boc
1224 3504 1342 3556 cap.
1363 3504 1414 3541 ιι.
1436 3494 1486 3542 4.
1513 3492 1688 3543 Vossii
1717 3493 2002 3558 Excerpta,
2026 3493 2206 3544 Itidem
2221 3491 2590 3545 Maximianus?

1365 3618 1588 3672 NOTAE

434 3727 463 3763 ν
501 3718 666 3770 Vestri
706 3717 784 3769 illi
828 3718 1077 3785 parentes]
1127 3715 1344 3782 Jupiter
1385 3723 1441 3767 et
1523 3726 1665 3771 turn.
1704 3719 1795 3770 lib.
1814 3733 1853 3770 1.
1890 3733 2005 3783 cap.
2027 3723 2110 3771 20.
2144 3717 2283 3783 pube
2313 3723 2465 3768 tenus
2499 3718 2591 3770 ho-

369 3795 651 3847 Hereules.
989 3804 994 3807 ’
1521 3795 1687 3845 mines
1710 3802 1906 3857 essent,
1930 3800 2109 3846 cetera
2119 3802 2410 3859 serpentes.
2458 3795 2593 3846 Sunt

434 3881 461 3916 «Ι
496 3869 716 3932 Titanas]
747 3871 943 3921 Verum
965 3869 1209 3919 Titanum
1243 3873 1335 3920 ant
1366 3868 1444 3933 gi·
1521 3870 1609 3936 qui
1634 3886 1731 3935 pro
1753 3870 2046 3933 biformium,
2073 3872 2256 3934 legunt
2291 3871 2593 3936 deformium,

369 3957 586 4014 gentum
621 3949 869 3997 adversus
899 3945 1025 3996 deos
1049 3945 1186 3996 bella
1220 3945 1306 3996 cui
1337 3959 1442 3996 non
1522 3946 1577 3996 id
1600 3953 1701 4010 est,
1719 3954 2063 3996 monstrorum
2089 3944 2308 3997 deformi
2330 3947 2592 4011 magnitu-

370 4025 528 4075 notai
1371 4037 1378 4040 ·
1522 4022 1663 4074 dine.
1686 4023 1760 4074 At
1775 4023 1902 4073 Pau.
1915 4036 1981 4073 ιι.
1996 4026 2098 4073 uA.
2115 4021 2217 4072 ‘Au
2235 4036 2336 4072 non
2353 4023 2476 4073 illud
2487 4038 2593 4074 ma·

435 4108 458 4136 ¹³
493 4099 809 4163 Biformium]
843 4100 1152 4165 Gigantum,
1171 4099 1259 4166 qni
1284 4098 1440 4149 bifor·
1523 4100 1628 4150 lum
1652 4100 1817 4149 simile
1840 4106 2187 4148 monstrorum
2211 4097 2504 4157 bisol-mium
2517 4097 2555 4148 ?’

374 4192 483 4228 mes
505 4185 792 4242 propterea
807 4175 1221 4241 dicuntur,quod
1245 4175 1443 4241 duplex
1585 4185 1606 4212 ⁸
1640 4176 1978 4241 Omniumque]
2017 4176 2125 4225 Pro
2159 4173 2369 4226 omnium
2399 4189 2598 4239 quoque,

375 4256 449 4318 iis,
467 4255 671 4306 forma:
708 4263 868 4321 atque
898 4262 957 4305 ut
986 4255 1063 4306 ait
1092 4254 1330 4307 Macrob.
1351 4251 1443 4302 Sa·
1514 4252 1670 4317 juxta
1693 4259 1921 4302 veterem
1945 4249 2200 4301 codicem.

505 4337 682 4401 Daph.
703 4341 751 4387 et
776 4335 895 4388 ναν.
916 4336 1047 4386 Clas.
1323 4333 1517 4395 Paneg.
1544 4331 1656 4383 Vel.
1917 4412 1929 4418 -
2343 4333 2376 4379 4
2410 4326 2464 4378 G

3044 0 3084 223 τῇ
