3084 4959
2482 311 2652 379 1351

447 471 567 536 tu'l
654 468 720 535 3.
766 467 952 549 Quid
990 489 1502 543 commemorem
1531 469 1971 553 Lingonicam
2003 472 2402 551 victoriam,³
2448 474 2654 540 etiam

450 573 884 657 Imperatoris
928 573 1148 656 ipsius
1199 574 1468 641 vulnere
1521 574 1939 656 gloriosam?
2006 576 2168 660 quid
2217 575 2652 649 Vindonissae

446 694 750 759 cumpost,
775 675 1076 745 hostium
1107 683 1330 760 strage
1360 678 1764 762 completoS,
1804 687 1876 745 et
1903 678 2121 747 adhuc
2157 681 2429 747 ossibus
2462 700 2655 765 oper-

446 786 561 844 tos
583 780 623 843 ft
712 781 775 845 4.
823 779 986 864 quid
1025 779 1383 847 immanem
1421 799 1511 844 ex
1542 781 1826 845 diversis
1856 780 2345 847 Germanorum
2377 782 2652 866 populis

444 881 952 962 multitudinem,
975 902 1179 968 quam
1209 883 1487 949 duratus
1531 883 1690 968 gelu
1738 883 2019 951 Rhenus
2048 884 2402 963 illuserat,⁰
2449 894 2521 951 ut
2555 885 2655 948 in-

444 987 684 1064 sulam,
707 1004 911 1070 quam
938 986 1232 1052 divortio
1257 985 1365 1053 sui
1386 983 1411 1021 ¹³
1442 985 1622 1051 idem
1633 988 1858 1059 ,amnis
1891 986 2334 1070 amplectitur,
2355 987 2654 1070 pedestri

445 1089 709 1171 agmine
754 1107 918 1153 ausa
952 1088 1411 1160 transmittere,
1456 1093 1730 1172 repente
1775 1089 2009 1153 laxato
2050 1089 2346 1167 flumine,
2378 1088 2651 1153 claude-

443 1198 650 1270 retur,
670 1200 762 1271 et,
782 1191 1095 1258 demissis
1118 1191 1339 1256 statim
1373 1191 1662 1257 obsessa
1688 1191 2000 1273 navigiis,
2031 1191 2128 1255 ita
2157 1210 2230 1255 se
2260 1191 2507 1257 dedere
2534 1211 2646 1261 co·

445 1299 724 1377 geretur,
746 1302 842 1372 ut,
863 1293 1045 1378 quod
1075 1293 1416 1359 difficilius
1446 1300 1569 1373 est,
1586 1300 1761 1359 sorte
1791 1291 2125 1359 communi
2157 1293 2448 1377 eligeret,
2478 1314 2650 1378 quos

443 1398 835 1480 captivitati
879 1398 1218 1475 traderet,⁸
1256 1398 1552 1465 relatura
1590 1417 1748 1465 cum
1795 1376 2071 1482 reliquis
2119 1397 2264 1461 suis
2304 1396 2650 1468 infamiam

442 1499 844 1587 proditionis
874 1519 1168 1565 suorum.

455 1628 462 1635 '
491 1635 534 1663 -·
570 1626 727 1683 Qruun
746 1631 988 1677 concretu
1007 1629 1122 1688 gela
1148 1627 1345 1677 Rhenus
1369 1626 1622 1677 invitarat.

443 1689 638 1806 abstuli}
648 1692 989 1808 wairneins
1009 1697 1102 1756 est,
1123 1708 1261 1757 quam
1282 1693 1327 1742 si
1346 1699 1522 1743 sortem
1543 1706 1827 1742 communem
1850 1692 2041 1756 experti
2062 1696 2233 1749 essent,
2256 1691 2514 1755 seligerent
2535 1710 2649 1759 ques

1014 323 1554 377 consum-mo
1598 323 1782 374 Avo.
1856 326 1995 375 vu.
2035 311 2105 374 6.

1366 1836 1543 1859 000000
1548 1834 1727 1857 000000

443 1904 673 1967 Guelph.
713 1911 771 1953 et
810 1904 878 1952 al.
910 1918 992 1967 ap.
1030 1904 1266 1955 Rheuau.
1307 1902 1442 1967 quod
1489 1902 1723 1953 restituit
1770 1901 2050 1952 Arma-s
2092 1903 2227 1959 Quia
2268 1918 2312 1954 e.
2353 1904 2650 1967 Bugoniam

445 1969 675 2033 Gnelph.
699 1977 755 2018 et
788 1970 917 2020 Exc.
942 1970 1093 2018 Voss.
1160 1974 1208 2018 et
1240 1968 1354 2031 imp.
1394 1968 1514 2018 edd.
1558 1973 1690 2018 vett.
1717 1975 1770 2017 et
1794 1968 1967 2017 Riviu.
2019 1969 2165 2018 etiam
2200 1972 2311 2033 imp.
2332 1969 2453 2018 Vet.
2475 1971 2647 2022 Livin.

442 2035 652 2084 Bertin.
677 2034 906 2097 Guelph.
928 2034 1086 2085 Grut.
1122 2042 1174 2083 et
1199 2043 1424 2084 recentt.
1473 2039 1522 2084 et
1560 2033 1704 2083 delet
1729 2032 2018 2082 Acidalius.
2070 2033 2302 2086 Vindenis
2320 2050 2507 2099 campos
2528 2036 2651 2086 edd.

442 2109 567 2150 ante
589 2101 768 2151 Arntz.
791 2102 878 2164 qui
904 2115 933 2150 e
951 2099 1103 2149 codd·
1128 2100 1267 2152 Gud.
1290 2100 1465 2150 Moeri.
1491 2101 1611 2149 Vct.
1636 2099 1860 2148 Puteau.
1883 2099 2006 2147 vet.
2028 2099 2198 2149 Livin.
2215 2100 2417 2149 Bertin.
2438 2110 2493 2150 et
2516 2103 2649 2152 Exc.

441 2160 592 2216 Voss.
616 2167 846 2216 restituit
876 2164 1174 2215 Vindonissoe
1195 2180 1396 2228 campos.
1451 2163 1532 2215 ef.
1555 2179 1713 2228 supra
1738 2177 1813 2213 ιν.
1832 2168 1882 2213 2.
1908 2166 1923 2191 ‘
1942 2164 2128 2214 Scribo
2149 2165 2351 2228 hostica,
2375 2169 2456 2215 vel
2482 2167 2650 2216 hostili

439 2227 540 2280 lum
557 2230 764 2294 strage?
787 2232 965 2281 Barth.
990 2230 1128 2280 Adv.
1152 2243 1274 2279 xiv.
1296 2234 1406 2278 ll.‘
1428 2231 1820 2281 Necessitatem
1845 2243 1944 2277 uon
1972 2228 2349 2280 videm'Arntz.
2392 2233 2475 2282 sed
2494 2233 2648 2283 adhuc

440 2296 561 2349 edd.
585 2306 706 2346 ante
734 2297 929 2348 Cellar.
963 2301 1010 2347 et
1032 2296 1185 2346 adhuc
1204 2297 1339 2359 conj.
1358 2295 1526 2345 Livin.
1554 2296 1806 2359 Bongars.
1829 2293 1988 2344 Grut.
2011 2304 2066 2345 et
2090 2294 2392 2345 Acidal.-4
2416 2296 2649 2359 Guelph.

437 2363 742 2412 summorum
776 2361 960 2426 populis
995 2378 1059 2411 ex
1096 2362 1296 2411 diversis
1338 2362 1684 2411 Germanorum
1701 2377 1722 2419 ,·
1758 2361 1892 2410 Exc.
1918 2360 2074 2410 Voss.
2113 2362 2317 2410 diversis
2336 2361 2651 2421 humanorum

432 2429 637 2490 populis.
699 2429 715 2456 ‘
741 2427 805 2476 In
832 2428 931 2477 Ms.
956 2426 1097 2477 Gud.
1120 2439 1176 2476 et
1200 2427 1320 2477 edd.
1343 2426 1441 2487 Rh.
1460 2426 1824 2489 Steph.Cusp.
1848 2426 1963 2475 Liv.
1982 2427 2177 2489 legitur
2200 2428 2444 2477 illuxerat.
2481 2426 2648 2478 Rheu.

401 2514 404 2519 >
438 2493 505 2541 ad
530 2494 815 2557 marginem
841 2509 854 2542 ε
891 2499 906 2521 ‘
924 2492 1145 2555 opinor,
1168 2491 1443 2556 legendum
1466 2489 1721 2541 illuserat?
1757 2492 1829 2540 Et
1847 2491 1922 2539 sie
1947 2501 2028 2542 est
2054 2493 2105 2540 in
2126 2492 2228 2541 Ms.
2253 2493 2429 2542 Moerl.
2448 2493 2645 2543 Schen-

422 2555 557 2608 ·hov.
577 2560 642 2610 ad
667 2573 808 2609 oram
836 2559 919 2608 ed.
951 2558 1117 2608 Rhen.
1149 2557 1371 2607 illexerat
1394 2556 1613 2607 fortasse
1635 2573 1650 2619 ;
1686 2564 1741 2606 et
1767 2557 1842 2605 ita
1859 2558 2016 2606 etiam
2041 2573 2135 2606 nos
2156 2556 2506 2620 legerejubet
2527 2557 2651 2608 Aci·

435 2623 627 2684 dalius,
646 2632 702 2674 et
725 2624 775 2675 iu
801 2624 961 2687 Lang.
988 2623 1185 2671 invenit
1209 2623 1492 2680 Livineius,
1517 2628 1573 2672 et
1595 2622 1878 2671 ediderunt
1900 2622 2225 2672 Parisienses
2258 2638 2372 2672 curn
2399 2624 2647 2673 Patarolo

436 2694 492 2739 et
526 2689 769 2739 cellario.
835 2690 1070 2752 Sequens
1101 2693 1156 2738 ut
1192 2688 1455 2745 δκβατικῦς
1494 2703 1609 2737 esse
1649 2688 1979 2750 capiendum,
2017 2687 2174 2737 facile
2216 2686 2403 2750 patet!
2447 2689 2641 2751 Joeger.

433 2752 664 2805 illuxerat
684 2769 891 2820 quoque
915 2755 1046 2804 Exc.
1072 2754 1226 2803 Voss.
1257 2754 1584 2816 complectitur
1611 2753 1778 2803 Rivin.
1798 2761 1851 2801 et
1869 2752 1987 2802 edd.
2010 2766 2132 2803 ante
2155 2753 2312 2804 Grut.
2347 2753 2648 2816 amplectitur

434 2819 562 2886 Yet.
586 2820 756 2870 Livin-
781 2820 985 2870 Bertin.
1009 2819 1235 2880 Guelph.
1268 2821 1400 2870 Exc.
1426 2819 1571 2867 Voss.
1595 2818 1752 2868 Grut.
1774 2826 1829 2868 et
1867 2817 1989 2868 edd.
2028 2826 2252 2868 receutt.
2306 2834 2425 2868 ausa
2455 2826 2645 2882 repente

436 2884 557 2933 edd.
579 2893 710 2935 vett.
742 2900 857 2936 uasa
875 2885 1096 2947 aggredi,
1114 2891 1320 2948 repente,
1347 2885 1427 2933 vel
1451 2885 1620 2932 simile
1642 2883 1905 2948 quidpiam
1930 2884 2067 2947 conj.
2086 2884 2319 2934 Rhenan.
2351 2899 2465 2933 ausa
2488 2889 2648 2933 trans-

435 2950 643 3008 mittere,
661 2954 849 3015 repente
874 2949 1101 3012 Guelph.
1125 2950 1255 3000 Exc.
1283 2949 1437 2998 Voss.
1460 2951 1592 2999 Exc.
1611 2949 1900 2998 Schonhov.
1925 2949 2052 2998 Exc.
2075 2951 2237 3013 Laug.
2269 2949 2395 3001 Vet.
2418 2950 2646 3000 Puteau.

437 3010 641 3065 Bertin.
684 3016 898 3077 Cuspiu.
961 3015 1177 3065 dimissis
1213 3029 1278 3062 ex
1315 3015 1451 3078 conj.
1491 3014 1718 3064 Acidalii
1758 3015 1961 3077 recepit
1994 3014 2193 3078 Jaeger.
2229 3022 2284 3063 et
2319 3015 2394 3063 sic
2435 3029 2643 3080 quoque

437 3072 667 3148 Guelph.
736 3082 882 3135 Mox,
904 3079 1025 3129 edd.
1052 3087 1180 3128 vett.
1201 3081 1402 3140 eligeret
1422 3085 1471 3129 et
1491 3095 1554 3129 ex
1571 3094 1704 3142 «equo
1718 3093 1739 3138 ,⁰
1773 3080 1894 3128 Vet.
1936 3078 2101 3128 Livin.
2128 3088 2183 3129 et
2203 3080 2411 3129 Bertiu.
2443 3081 2643 3142 eligeret

431 3151 481 3201 et
501 3162 641 3211 equos
656 3162 676 3205 ,·
712 3146 847 3196 unde
871 3145 1038 3195 Livin.
1066 3145 1204 3209 conj.
1220 3158 1355 3208 equo
1375 3159 1424 3193 se
1437 3161 1458 3203 ;
1493 3144 1911 3206 Acidal.elr‘geret
1926 3158 2070 3204 exse,
2086 3161 2200 3209 quos
2213 3161 2235 3203 ;
2269 3146 2393 3195 Vet.
2418 3146 2644 3194 Putean.

435 3220 490 3262 et
517 3215 580 3262 al.
600 3212 819 3273 eligeret,
841 3228 972 3276 quos.
1010 3210 1147 3260 Vide
1174 3209 1323 3260 Nott.
1351 3210 1504 3258 Varr.
1539 3225 1643 3260 cum
1666 3209 1757 3258 reli
1789 3210 1886 3262 uiis
1909 3211 2147 3273 plurimae
2172 3209 2293 3261 edd.
2327 3226 2432 3261 cum
2449 3211 2644 3276 reliquis

435 3276 664 3344 Guelplr.
686 3279 892 3328 Puteol.
916 3277 1149 3327 Rhenan.
1175 3275 1245 3328 H.
1272 3276 1456 3341 Stepb.
1480 3276 1654 3325 Rivin.
1678 3282 1735 3327 et

1808 3275 1991 3326 atarol.

1435 3374 1483 3425 N
1490 3373 1648 3425 0¹1¹AE

434 3452 618 3506 liaru'm
637 3464 809 3520 partes
829 3458 1066 3514 abduxit,
1083 3464 1140 3506 ut
1156 3468 1211 3507 et
1229 3459 1318 3506 has
1337 3464 1498 3507 terras
1570 3471 1723 3520 quam
1759 3457 1899 3518 olim,
1933 3464 2071 3506 teste
2107 3455 2303 3517 Plinio,
2326 3470 2493 3520 prope
2520 3470 2640 3506 cen·

433 3533 670 3583 colerent
699 3541 756 3582 et
785 3533 1019 3583 Romana
1049 3537 1199 3597 signa
1221 3548 1499 3599 sequeren-

437 3620 543 3663 tur.

493 3687 513 3733 1
544 3687 861 3751 uagantem
872 3687 1143 3752 victoriam]
1166 3688 1502 3737 Constantius

421 3766 581 3831 juxta
618 3766 877 3828 Lingonas
919 3765 1136 3828 primum
1173 3762 1379 3825 fugatus
1419 3773 1501 3813 est

432 3860 463 3893 a
486 3841 904 3893 numerosissimo
921 3838 1285 3889 Alamanorum
1303 3841 1501 3889 exerci-

433 3929 532 3982 tu;
577 3934 699 3971 mox
744 3917 860 3982 ipso
903 3917 1087 3967 eodem
1132 3917 1219 3983 die
1267 3916 1500 3967 accensis

429 4012 643 4059 suorum
695 3995 878 4046 animis
934 3999 1078 4043 tauta
1124 3993 1173 4043 vi
1217 3993 1502 4056 integravit

431 4090 680 4139 pugnam,
704 4080 778 4124 ,ιιι
813 4070 1089 4132 sexaginta
1126 4084 1304 4119 eorum
1343 4070 1502 4119 millia

432 4151 706 4201 ceciderit.
775 4150 901 4198 vid.
928 4149 1144 4210 Eutrop.

435 4260 466 4283 ,ς
498 4226 523 4262 ¹
559 4226 786 4278 Πίσα-εἰσ
822 4226 922 4293 sui]
957 4224 1182 4275 Insulam
1228 4223 1500 4274 Bataviam

1574 3541 1679 3583 turn
1705 3535 1865 3583 millia
1890 3549 2026 3597 pass.
2059 3521 2125 3581 in'
2147 3533 2522 3596 longitudinem
2551 3546 2643 3580 ex-

1575 3618 1793 3671 tensam,
1846 3625 1981 3659 nunc
2050 3609 2211 3657 multo
2277 3608 2641 3669 angustiorem,
2738 3602 2747 3609 ‘

1577 3674 1785 3734 Rhenus
1827 3685 1877 3732 in
1919 3685 2047 3733 duas
2093 3690 2266 3746 partes
2304 3697 2361 3733 se
2400 3682 2639 3733 dividens

1575 3762 1917 3826 undequaque
1961 3761 2195 3810 involvit.
2271 3760 2421 3810 Idem
2465 3768 2638 3813 autern

1574 3841 1659 3889 ille
1695 3838 1882 3889 fluviu's
1924 3853 1991 3888 ex
2034 3839 2195 3887 altera
2241 3845 2391 3900 parte
2431 3839 2640 3889 Rhenus

1573 3917 1784 3978 dicitur,
1810 3915 2019 3964 Vahalis
2058 3930 2121 3964 ex
2162 3915 2342 3964 altera.
2408 3915 2532 3966 Huc
2569 3914 2637 3965 ir·

1576 4007 1813 4055 rumpere
1838 4007 1989 4042 arrsos
2014 3993 2238 4042 Francos
2261 3991 2469 4041 obsedit
2497 3994 2637 4063 pari·

1575 4080 1655 4120 ter
1699 4069 2050 4126 Constantius,
2094 4076 2150 4118 et
2203 4068 2267 4118 ad
2319 4068 2634 4121 deditionem

1573 4142 1766 4215 eo'e'gil.
2094 4138 2097 4143 A
