3084 4959
963 812 1350 919 VITA
1473 809 2229 923 EUMENII

1200 1121 1581 1177 BREVITER
1612 1118 1985 1176 ExFOSI'rA

505 1406 510 1411 -
601 1356 675 1470 Α
729 1318 1182 1432 'cums‘n
1266 1290 1805 1435 commo
1886 1355 2581 1440 scHwAtho.

485 1795 932 1889 EUMBNIUS
959 1819 1193 1887 rhetor
1217 1815 1347 1885 ruit
1397 1815 1898 1900 Augustuduni,
1926 1821 2283 1905 metropoli
2312 1820 2684 1891 AEduorum

480 1924 551 1989 in
604 1923 857 2002 Gallia,
900 1943 1059 2008 quae
1109 1923 1270 1989 urbs
1318 1939 1402 1986 eo
1456 1925 1764 2005 tempore
1813 1922 2198 1991 liberalium
2252 1926 2493 1993 artium
2543 1927 2689 1993 cul-

480 2034 633 2093 tura
659 2028 938 2092 multum
968 2024 1217 2091 floruit.
1306 2021 1572 2088 Ibidem
1602 2024 1763 2090 olim
1793 2030 1863 2090 et
1899 2024 2207 2092 Eumenii
2237 2047 2408 2095 avus
2439 2028 2686 2095 docue-

477 2136 606 2208 rat,
636 2129 1062 2212 octogenario
1090 2124 1324 2211 major,
1354 2125 1560 2192 homo
1591 2125 1876 2194 Athenis
1912 2135 2126 2209 ortus,
2159 2129 2534 2215 Romaeque
2563 2130 2685 2197 diu

479 2232 788 2300 celebris.
831 2229 999 2296 Vid.
1026 2228 1313 2295 Eumen.
1340 2225 1528 2293 Orat.
1556 2247 1683 2314 pro
1712 2228 2024 2296 Restant.
2047 2231 2277 2299 Schol.
2305 2253 2461 2318 cap.
2479 2249 2683 2298 xvir.

476 2333 800 2401 Inelaruit
855 2332 1229 2398 Eumenius
1279 2330 1464 2397 circa
1512 2332 1770 2398 exitum
1822 2335 2058 2413 saeculi
2107 2354 2152 2400 a
2198 2333 2471 2401 Christo
2521 2342 2683 2402 nato

475 2436 702 2518 tertii3
769 2442 845 2502 at
886 2435 1214 2500 incertum
1261 2439 1390 2512 est,
1444 2452 1587 2519 quo
1636 2434 1751 2501 ille
1804 2454 1983 2502 anno
2019 2442 2245 2517 natuS,
2288 2443 2682 2503 mortuusve

470 2539 713 2621 fuerit3
754 2555 1146 2623 quanquam
1188 2536 1418 2620 ipsum
1463 2535 1551 2627 ad
1597 2536 2168 2620 ingravescentem
2206 2543 2474 2606 aetatem
2522 2541 2719 2623 pro-'

472 2640 788 2716 cessisse,
832 2657 944 2705 ex·
969 2637 1414 2722 Panegyricis
1465 2639 1746 2723 reliquis
1789 2639 2258 2724 intelligamus.
2349 2639 2538 2706 Obiit
2563 2641 2676 2707 ille

470 2742 544 2808 in
572 2741 734 2807 aula
773 2738 1149 2806 Constantii
1196 2739 1455 2819 Chlori,
1503 2748 1732 2824 partes
1765 2742 2103 2808 sustinens
2130 2743 2429 2826 magistri
2457 2763 2676 2810 sacrae

388 2877 396 2885 ·
468 2844 855 2923 memoriae3
901 2841 1228 2927 suamque
1283 2841 1777 2922 dexteritatem,
1822 2851 1895 2910 et
1936 2844 2180 2928 ingenii
2210 2846 2676 2930 praestantiam

466 2945 730 3012 Caesari
760 2944 1037 3011 mirifice
1068 2944 1493 3030 approbavit.
1583 2944 1772 3011 Hinc
1799 2951 1868 3013 et
1897 2945 2339 3014 Constantius
2360 2947 2431 3013 in
2461 2948 2673 3014 literis

464 3046 556 3111 ad
588 3047 986 3112 Eumenium
1015 3045 1224 3126 datis,
1254 3066 1410 3131 quae
1454 3046 1660 3131 hujus
1704 3048 1995 3113 orationi
2038 3067 2162 3133 pro
2203 3047 2673 3115 Instaurandis

461 3149 731 3214 Scholis
762 3168 915 3233 cap.
947 3162 1113 3213 xlv.
1139 3149 1411 3216 insertae
1452 3151 1782 3233 leguntur,
1830 3154 2123 3215 testatus
2172 3156 2300 3229 est,
2330 3170 2408 3216 se
2454 3151 2671 3235 ipsius

458 3250 940 3336 eloquentiam,
969 3256 1040 3316 et
1083 3269 1341 3316 morum
1388 3252 1785 3335 gravitatem
1829 3270 1920 3316 ex
1967 3251 2263 3317 muneris
2298 3252 2504 3318 aulici
2549 3252 2667 3318 ad-

458 3350 955 3417 ministratione
984 3359 1409 3436 compertam
1438 3353 1729 3435 habere3
1774 3351 2091 3438 adeoque
2119 3361 2188 3421 et
2207 3353 2486 3419 eundem
2513 3356 2668 3420 hor·

457 3459 641 3520 tatus
670 3460 801 3533 est,
829 3457 929 3534 ut,
949 3454 1143 3521 salvo
1169 3454 1433 3520 honoris
1463 3454 1747 3539 palatini
1778 3455 2158 3539 privilegio,
2180 3444 2667 3540 'professionem

454 3557 816 3622 oratoriam
863 3561 1209 3640 repeteret,
1261 3561 1466 3642 atque
1508 3558 1577 3623 in
1629 3556 2339 3641 Augustodunensium
2380 3559 2665 3626 civitate

452 3663 713 3725 mentes
742 3657 1279 3726 adolescentium
1308 3658 1397 3725 ad
1439 3659 1605 3724 vitae
1645 3659 1946 3724 melioris
1974 3658 2270 3725 studium
2305 3662 2663 3741 excoleret,

452 3780 673 3845 neque
704 3766 975 3845 putaret
1017 3761 1145 3826 hoc
1193 3780 1463 3827 munere
1513 3762 1731 3846 partis
1765 3766 1967 3829 antea
2002 3761 2362 3826 honoribus
2404 3761 2661 3847 aliquid

452 3861 785 3945 derogari,
858 3881 1009 3927 cum
1082 3861 1376 3928 honesta
1431 3863 1766 3947 professio
1826 3869 2019 3928 ornet
2078 3862 2314 3946 potius
2374 3882 2661 3945 omnem,

450 3980 657 4048 quam
703 3961 1031 4039 destruat,
1078 3962 1491 4047 dignitatem.
1585 3963 1748 4043 Qua
1788 3963 1873 4029 de
1924 3982 2137 4031 causa
2187 3970 2256 4030 et
2304 3962 2660 4048 duplicata

448 4065 778 4151 pensione
807 4082 1117 4131 sexcena
1160 4065 1379 4131 millia
1405 4086 1745 4132 nummum
1784 4068 1849 4133 ei
1901 4087 1943 4132 a
1990 4066 2262 4134 Caesare
2303 4069 2656 4151 quotannis

447 4174 602 4235 sunt
628 4165 977 4235 attributa.
1068 4165 1290 4248 Quam
1318 4168 1663 4252 ingentem
1708 4169 2027 4254 pecuniae
2057 4187 2385 4237 summam
2416 4165 2656 4235 Eume-
