3084 4959
498 389 672 456 1126
1264 406 1328 454 c.
1376 407 1444 454 e.
1490 403 1935 453 scnwARzn

499 555 576 616 ut
604 549 859 631 genitor
883 554 1109 614 noster
1138 548 1514 614 communis
1544 548 1856 613 Joanues
1883 546 2373 632 Cuspinianus‚
2398 568 2534 613 non
2564 556 2706 616 tam

496 654 706 718 literis
733 660 805 718 et
826 651 1171 717 omnifaria
1201 651 1591 724 eruditione,
1624 671 1826 735 quam
1867 650 2194 716 industria
2224 669 2308 716 ac
2345 651 2708 733 prudentia

498 762 608 820 est
634 757 831 838 longe
856 755 1460 832 celebratissimus,
1484 756 1603 839 qui
1623 754 1883 818 nullum
1905 757 2170 837 tempus
2193 754 2514 837 praeterit,
2544 753 2708 820 dum

495 879 636 925 non
677 863 780 923 est
827 857 1117 942 publicis
1168 876 1250 922 ac
1300 856 1637 922 Caesareis
1682 856 1922 922 officiis
1966 855 2351 940 impeditus,
2398 876 2537 940 quo
2575 876 2709 921 non

497 963 608 1027 vel
637 960 994 1026 scribendo
1021 961 1129 1025 vel
1154 960 1460 1041 legendo,
1492 960 1606 1024 vel
1648 959 1858 1024 libros
1898 959 2294 1025 remotiores
2328 959 2706 1024 evolvendo

501 1084 582 1128 ac
626 1062 1064 1140 emendando,
1107 1062 1565 1146 posteritatem
1624 1082 1749 1127 sua
1794 1081 2001 1145 opera
2048 1063 2269 1146 juvet.
2362 1061 2450 1125 Et
2493 1081 2710 1146 quan-

500 1186 703 1251 quam
737 1167 884 1250 jam
930 1167 1169 1248 ingens
1221 1166 1537 1229 moliatur
1578 1185 1775 1249 opuS,
1807 1165 1889 1229 de
1919 1165 2332 1230 Consulibus
2364 1183 2447 1228 ac
2476 1162 2708 1229 Caesa-

496 1271 688 1333 ribus
735 1267 1091 1345 RomaniS,
1135 1277 1352 1351 usque
1399 1266 1487 1332 ad
1530 1276 1766 1331 nostra
1812 1268 2088 1346 saecula,
2148 1268 2331 1350 quod
2372 1267 2459 1332 ad
2506 1268 2709 1333 finem

487 1373 632 1455 jam
665 1390 855 1454 paene
884 1369 1199 1452 deduxit3
1246 1391 1382 1460 non
1411 1371 1787 1435 intermittit
1817 1380 2044 1435 tamen
2076 1370 2461 1434 subcesivis
2493 1370 2705 1448 boris,

498 1476 561 1537 si
605 1473 769 1558 quid
813 1473 1151 1538 interdum
1199 1474 1320 1537 otii
1364 1480 1606 1537 nactus
1636 1473 1858 1550 suerit,
1892 1473 2051 1556 quin
2083 1472 2459 1554 depravata
2485 1491 2710 1536 ernen-

498 1576 636 1652 det,
667 1596 749 1641 ac
781 1576 1090 1640 mutilata
1119 1578 1453 1640 restituat.
1522 1573 1748 1670 ⁸Quod
1796 1594 2011 1658 nuper
2036 1574 2103 1638 in
2132 1574 2238 1638 his
2271 1573 2710 1659 Panegyricis

498 1678 598 1741 ita
626 1677 997 1760 diligenter,
1025 1679 1125 1742 ita
1151 1684 1486 1755 accurate,
1511 1677 1858 1760 praestitit,
1886 1682 1961 1740 ut
1979 1675 2123 1759 jam
2151 1676 2387 1740 merito
2416 1676 2517 1740 illi
2546 1695 2713 1742 suos

500 1786 811 1845 auctores
843 1787 1228 1862 agnoscant.
1317 1778 1497 1844 Nam
1546 1785 1789 1862 praeter
1832 1779 1985 1854 hoc,
2030 1778 2216 1861 quod
2260 1780 2472 1844 multa
2517 1789 2716 1846 erant

497 1901 850 1965 perperam
879 1885 949 1973 in
978 1882 1087 1946 his
1119 1882 1644 1964 elegantissimis
1676 1880 2118 1945 Orationibus
2158 1883 2424 1946 inversa
2453 1902 2534 1947 ac
2565 1902 2715 1947 cor-

497 1995 701 2067 rupta
727 2005 745 2065 ;
790 1985 1092 2067 integras
1118 1985 1322 2050 etiam
1354 1984 1623 2049 chartas
1654 1984 1767 2049 ille
1799 1988 2025 2048 noster
2054 2004 2296 2067 parens
2341 1984 2613 2068 reperit,
2641 1986 2714 2050 in

498 2088 978 2151 vetustissimis
1032 2087 1176 2150 suis
1228 2086 1754 2170 exemplaribuS‚
1805 2106 1887 2151 ac
1939 2078 2268 2151 restituit:
2326 2087 2714 2171 adjecitque

496 2189 857 2254 nonnullas
902 2189 1381 2272 pulcherrimas
1426 2190 1766 2254 orationes
1803 2191 1970 2254 miro
2008 2189 2300 2254 artificio
2333 2196 2716 2269 contextas,

501 2296 571 2355 ut
614 2289 957 2355 discerent
990 2290 1322 2374 juniores,
1371 2311 1508 2375 qua
1552 2299 1693 2356 arte
1738 2292 1999 2356 similes
2040 2291 2462 2367 fabricarent,
2495 2301 2590 2370 et,
2637 2300 2717 2357 ut

498 2393 827 2458 haberent
855 2396 1055 2478 quasi
1087 2392 1550 2478 archetypum,
1598 2402 1670 2457 et
1708 2395 2055 2477 exemplar
2099 2394 2413 2458 similium
2459 2396 2717 2459 confin-

497 2495 718 2580 gendi.
808 2496 922 2562 Ne
972 2497 1208 2583 itaque
1263 2497 1433 2562 tanti
1485 2489 1612 2562 viri
1652 2502 1880 2562 tantus
1929 2497 2124 2561 labor
2162 2497 2430 2581 periret,
2471 2496 2717 2581 collegi

501 2602 779 2667 sedulus
820 2610 1048 2668 tantas
1092 2603 1422 2681 sarcinas,
1453 2607 1523 2667 et
1551 2599 1826 2667 Achate
1871 2622 2047 2677 meo,
2081 2601 2407 2687 Philippo
2437 2601 2715 2669 Gunde-

498 2705 618 2784 lio,
650 2706 957 2771 studioso
993 2707 1268 2791 juvene,
1321 2706 1569 2770 comite
1613 2711 1682 2770 et
1724 2705 2156 2785 auxiliatore,
2186 2704 2254 2769 in
2296 2724 2715 2770 communem

498 2808 959 2874 studiosorum
989 2809 1378 2886 utilitatem,
1413 2827 1549 2873 aere
1588 2807 2066 2893 imprimendas
2113 2814 2227 2873 tuo
2257 2808 2590 2892 auspicjo,
2619 2807 2717 2872 mi

501 2910 927 2989 Sebastiane,
948 2911 1220 2990 tradidi,
1246 2919 1319 2974 ut
1353 2930 1477 2994 per
1506 2912 1892 2976 universam
1923 2911 2232 2976 volarent
2255 2909 2716 2988 Germaniam,

501 3021 577 3078 et
605 3033 734 3078 nos
758 3033 852 3078 ex
880 3012 1161 3092 eisdem,
1190 3033 1317 3078 ceu
1349 3013 1669 3091 fontibuS,
1697 3018 1767 3077 et
1795 3012 2085 3078 studiosi
2124 3013 2270 3091 alii,
2317 3012 2727 3106 Rhetorioes,

502 3119 574 3180 et
603 3117 776 3181 bene
820 3116 1088 3182 dicendi
1129 3124 1476 3201 praecepta
1522 3117 1999 3181 edisceremus.
2093 3114 2292 3193 Vale,
2331 3116 2426 3180 mi
2467 3115 2715 3181 Sebas-

500 3220 682 3285 tiane
703 3206 945 3297 Felix,
981 3239 1063 3284 ac
1110 3229 1371 3303 patrem
1416 3227 1624 3296 tuum,
1676 3220 1885 3285 immo
1934 3225 2261 3298 nostrum,
2290 3238 2605 3285 venerare
2649 3224 2719 3283 et

502 3342 806 3407 sequere.
896 3320 1179 3387 Viennae
1235 3323 1631 3402 Pannoniae,
1669 3340 1765 3388 ιν.
1813 3322 1981 3388 Idus
2014 3321 2330 3400 Μαι-638,
2385 3340 2561 3386 anno
2611 3338 2717 3384 sa-

502 3426 667 3491 lutis
700 3442 778 3488 M.
802 3443 874 3489 n.
900 3423 1099 3490 xm?

590 3528 903 3614 Conjicio
936 3528 1129 3606 adeo,
1162 3529 1277 3594 Jo.
1311 3526 1797 3611 Cuspinianum
1842 3547 2168 3593 excusum
2213 3525 2507 3610 quidem,
2559 3527 2631 3587 et
2676 3543 2720 3589 a

504 3633 745 3698 Franc.
805 3631 1190 3696 Puteolano
1220 3639 1518 3696 curatum
1553 3632 1904 3715 exemplar
1942 3639 2237 3695 veterum
2271 3628 2718 3711 Panegyrico-

502 3756 672 3814 rum,
704 3737 772 3799 in
820 3736 1134 3799 manibus
1157 3735 1520 3818 habuisse;
1564 3736 1634 3801 id
1660 3744 1886 3801 tamen
1916 3753 2003 3797 ex
2027 3735 2180 3798 aliis
2212 3733 2498 3797 vetustis
2529 3730 2717 3796 codi-

506 3841 704 3908 cibus
737 3842 910 3906 Mss.
941 3839 1367 3904 emendasse.

593 3943 998 4028 Panegyrici
1027 3942 1336 4019 VetereS‚
1390 3942 1693 4007 Basileae
1738 3961 1857 4024 per
1906 3939 2025 4004 Jo.
2071 3937 2496 4012 Frobenium,
2545 3956 2719 4002 anno

511 4066 590 4111 M.
613 4049 685 4113 D.
721 4063 866 4111 xx.
895 4047 959 4110 4.
1031 4045 1114 4110 In
1145 4047 1398 4130 quibus
1441 4043 1855 4110 excudendis
1884 4061 2009 4126 pre
2041 4060 2279 4121 magna
2308 4047 2500 4124 parte
2533 4039 2722 4106 codi-

506 4171 654 4218 cem
699 4148 1168 4214 Rhenanicum
1214 4149 1520 4213 imitatus
1577 4153 1684 4211 est
1741 4145 2144 4222 Frobenius,
2189 4148 2263 4207 ut
2307 4143 2457 4226 ipse
2499 4142 2597 4206 ait
2647 4143 2721 4206 in

506 4256 731 4322 titulo.
818 4253 1079 4322 Beatus
1121 4273 1279 4321 vero
1310 4252 1687 4318 Rhenanus
1732 4253 1802 4317 in
1825 4250 2268 4317 Praefatione:
2313 4251 2336 4281 ‘
2359 4247 2722 4330 Panegyri-
