3084 4959
812 870 877 960 J
881 870 1352 964 AEGERI
1453 866 2248 966 PRAEFATIO:

495 1372 1061 1440 ScRIPToRmus
1110 1374 1362 1459 priscis
1393 1379 1715 1440 accurate
1751 1372 2181 1439 recensendis
2203 1377 2270 1438 et
2297 1372 2615 1457 interpre-

324 1495 331 1504 ·
404 1476 634 1544 tandis
665 1484 926 1543 tant-um
956 1478 1277 1562 temporis
1308 1482 1376 1542 et
1416 1498 1648 1561 operae
1680 1477 1809 1543 viri
1841 1476 2042 1554 docti,
2075 1475 2258 1560 iique
2290 1475 2616 1559 permulti,

403 1576 898 1661 impenderunt,
927 1587 1008 1644 ut
1049 1580 1272 1644 omnia
1307 1580 1453 1665 jam
1484 1587 1837 1664 praecepta
1868 1598 2041 1656 esse,
2073 1597 2446 1661 omnesque
2484 1577 2615 1642 hac

402 1679 475 1742 in
502 1698 570 1745 re
598 1681 868 1746 labores
898 1682 1146 1747 frustra
1172 1689 1243 1746 et
1270 1687 1519 1747 temere
1558 1681 1818 1764 suscipi
1862 1680 2194 1745 nonnullis
2235 1679 2616 1744 videantur.

404 1777 582 1858 Quae
632 1784 991 1859 sententia,
1046 1784 1213 1849 licet
1267 1802 1481 1867 prope
1532 1784 1717 1848 absit
1763 1802 1807 1847 a
1852 1784 2159 1859 veritate,
2211 1788 2432 1846 tamen
2478 1799 2616 1845 non

397 1889 625 1966 potest
648 1885 749 1950 ita
777 1905 1052 1971 prorsus
1081 1886 1381 1969 probari,
1413 1894 1516 1963 ut,
1546 1886 1617 1949 in
1651 1902 1895 1968 magna
1939 1885 2290 1967 copiarum
2336 1882 2616 1949 affluen-

397 1985 500 2050 tia
525 1988 718 2053 nobis
747 1990 977 2073 aliqua
1006 1989 1268 2066 deesse,
1298 1993 1368 2053 et
1395 2006 1530 2052 non
1571 2007 1808 2052 omnes
1848 1986 2119 2052 omnino
2151 1992 2466 2052 auctores
2493 2004 2613 2050 ve·

397 2092 566 2152 teres
611 2089 758 2173 pari
797 2090 1068 2157 fortuna
1102 2109 1266 2154 usos
1299 2109 1476 2167 esse,
1509 2109 1644 2154 non
1690 2106 2167 2172 agnoscamus.
2254 2088 2437 2154 Inter
2464 2107 2609 2167 eoS,

396 2191 516 2274 qui
543 2191 681 2257 fere
711 2192 1000 2277 neglecti
1042 2192 1267 2257 adhuc
1300 2191 1693 2277 jacuerunt,
1740 2196 1898 2256 sunt
1947 2191 2252 2274 profecto
2302 2190 2612 2275 Panegy-

392 2292 579 2358 ristae
629 2293 757 2372 illi,
806 2300 877 2360 et
927 2293 1316 2360 laudatores
1369 2294 1764 2378 Principum
1826 2292 2306 2368 Romanorum,
2370 2294 2512 2378 qui,
2566 2312 2611 2358 a

393 2394 808 2461 Diocletiani
834 2396 994 2462 inde
1023 2403 1222 2463 aetate
1255 2416 1467 2481 usque
1495 2395 1585 2461 ad
1606 2402 1913 2480 tempora
1932 2396 2331 2474 Theodosii,
2354 2396 2610 2479 ingenii

390 2504 459 2563 et
483 2498 822 2564 facundiae
853 2500 1053 2564 laude
1083 2500 1174 2565 ad
1206 2500 1623 2577 Ciceronem,
1650 2518 1731 2563 ac
1763 2499 2088 2577 Plinium,
2114 2505 2188 2563 et
2213 2506 2292 2567 ut
2321 2500 2609 2583 quisque

389 2599 533 2664 illis
580 2606 684 2666 est
732 2602 1113 2685 proximus,
1170 2602 1669 2686 aspiraverunt.
1761 2600 2020 2678 obfuit,
2080 2609 2276 2685 puto,
2330 2602 2606 2668 oratori-

389 2703 524 2771 bus
567 2703 676 2769 his
707 2704 1050 2792 judicium
1092 2723 1348 2782 eornm,
1397 2706 1539 2788 qui,
1588 2724 1742 2769 cum
1783 2703 1942 2768 illos
1985 2723 2029 2768 a
2082 2723 2249 2771 vera
2288 2703 2608 2788 loquendi

389 2824 629 2871 norma
669 2804 998 2872 interdum
1039 2808 1371 2883 recedere,
1402 2813 1469 2873 et
1505 2808 1776 2874 levibus
1824 2815 2033 2890 atque
2061 2805 2373 2870 inanibus
2413 2806 2605 2871 sonis
2708 2871 2710 2874 ,

388 2908 680 2992 ludibria
710 2910 1024 2993 quaedam
1052 2912 1352 2976 excitare
1380 2910 1699 2990 viderent,
1723 2929 1963 2995 pamm
1995 2910 2131 2974 sibi
2161 2909 2431 2993 placere
2458 2927 2600 2972 ma-

387 3010 696 3077 culosum
761 3012 943 3078 istud
968 3087 975 3092 ,
996 3018 1064 3078 et
1112 3013 1498 3095 argutulum
1557 3034 1765 3096 genus
1819 3012 2087 3078 dicendi
2139 3009 2602 3075 ostenderunt.

385 3113 644 3181 Verum
694 3115 827 3180 hoc
874 3136 1006 3180 non
1062 3115 1263 3181 debet
1306 3135 1391 3180 eo
1426 3116 1681 3193 valere,
1713 3122 1792 3180 ut
1817 3113 2122 3197 legendis
2156 3112 2601 3196 scriptoribus

383 3216 569 3296 hisce
598 3218 994 3301 stribliginis
1040 3225 1113 3283 et
1146 3218 1546 3302 ineptiarum
1576 3218 1976 3300 contagione
2011 3216 2462 3281 contaminari
2491 3236 2599 3281 ar-

383 3318 727 3384 bitremur.
756 3371 763 3378 .
816 3319 999 3384 Nam
1032 3327 1285 3403 praeter
1315 3337 1517 3403 quam
1562 3320 1747 3403 quod
1780 3320 2108 3403 optimum
2140 3338 2478 3402 quemque
2507 3318 2599 3384 ad

385 3420 788 3487 imitandum
820 3421 954 3487 sibi
982 3429 1505 3507 proposuerunt,
1537 3423 1673 3509 ipsi
1703 3425 1789 3488 ab
1820 3422 2108 3506 ingenio,
2130 3422 2412 3499 artibus,
2435 3421 2600 3487 doc·
2704 3475 2712 3482 .

354 3524 574 3626 'trinis
605 3523 776 3591 adeo
807 3523 997 3591 fuere
1026 3526 1367 3607 instructi,
1393 3532 1471 3591 ut
1502 3526 1657 3611 jure
1704 3547 1786 3593 ac
1831 3526 2073 3591 merito
2103 3523 2433 3592 studiosis
2462 3524 2596 3590 elo-

444 3775 470 3802 ὓ
504 3768 730 3819 Collatus
765 3767 829 3824 ad
865 3768 1017 3819 codd.
1042 3775 1098 3820 et
1132 3769 1254 3820 edd.
1277 3770 1447 3820 Pane·
1527 3775 1587 3819 et
1608 3766 1838 3829 Altorfii,
1860 3770 2007 3817 1790.
2030 3764 2357 3839 eandemque
2390 3767 2474 3819 hic
2505 3780 2597 3831 exf

380 3846 588 3911 gyricos
610 3844 775 3895 edidit
796 3845 861 3895 V.
877 3846 936 3896 C.
954 3846 1448 3910 Norimberg.1779.
1527 3844 1717 3905 hibeo;
1765 3842 1979 3893 alteram
2017 3843 2142 3892 tomi
2177 3857 2243 3893 11.
2279 3844 2444 3902 omisi,
2472 3845 2597 3911 qnia

377 3922 582 3972 duobus
636 3920 1005 3983 voluminibus,
1050 3937 1265 3987 quornm
1323 3922 1448 3972 utri·
1528 3920 1796 3987 precipue
1848 3919 2128 3982 Pacatum,
2182 3929 2238 3968 et
2294 3921 2597 3987 Corippum‚

374 4015 478 4064 que
502 3996 870 4049 Praefationem
897 3999 1164 4061 proemisit.
1206 3998 1443 4050 Alteram
1527 4012 1678 4065 quem
1697 3996 2011 4060 adjunxerat
2031 3996 2095 4044 V.
2113 3996 2174 4047 C.
2189 4003 2409 4060 spectat.
2455 3999 2591 4051 Qum

373 4076 505 4126 tomi
529 4076 641 4125 1.in
665 4075 967 4141 quibusdam
996 4083 1271 4139 mutatam,
1293 4089 1442 4139 repe·
1527 4090 1651 4128 vero
1688 4075 1740 4125 in
1778 4082 1997 4138 utraque
2032 4074 2275 4146 leguntur
2311 4075 2595 4130 Schenckii

371 4154 459 4224 tiit
484 4160 606 4202 ante
633 4152 991 4215 Appendieem
1011 4151 1443 4204 Observationum
1526 4152 1936 4211 emendationes,
1976 4169 2070 4204 suo
2114 4155 2228 4207 loco
2273 4154 2413 4207 notis
2456 4155 2592 4207 inse·

370 4232 437 4288 ad
461 4230 822 4297 Panegyricos
848 4230 1091 4293 Veteres,
1109 4230 1444 4296 NorImberg.
1528 4229 1717 4282 tendas
1740 4232 1936 4282 curavi.
1970 4231 2145 4285 Arntz.
