3084 4959
2405 367 2584 436 1169

363 527 467 607 fit,
496 534 572 594 ut
617 525 818 593 vobis
860 530 1124 592 tantum
1162 527 1519 612 imperium
1560 528 1709 595 sine
1731 527 1897 594 'ulla
1936 527 2360 595 aemulatione
2400 550 2584 599 com·

362 624 565 695 mune
594 630 707 706 sit,
728 647 945 710 neque
976 630 1185 694 ullum
1217 630 1382 694 inter
1408 637 1575 695 vosss
1606 629 1971 696 discrimen
1995 650 2154 696 esse
2182 632 2581 715 patiamini:

365 731 490 797 sed
535 731 761 815 plane,
793 739 872 794 ut
912 731 1161 812 gemini
1200 731 1299 796 illi
1330 730 1565 815 reges¹¹
1595 732 2128 799 Lacedaemones
2160 733 2587 819 Heraclidae,

361 832 850 917 rempublicam
891 835 1039 916 pari
1080 840 1259 899 sorte
1300 835 1612 901 teneatis·
1700 836 1767 900 5.
1814 835 2227 920 Quanquam
2276 836 2409 902 hoc
2453 855 2582 905 vos

362 935 678 1000 meliores
708 940 775 999 et
796 933 1145 1017 justiores,
1177 936 1362 1019 quod
1391 937 1550 1002 illos
1580 941 1793 1002 mater
1822 943 1978 1003 astu
2009 937 2257 1021 coegit,
2285 959 2441 1003 cum
2470 960 2586 1006 ne·

362 1037 527 1104 mini
565 1036 888 1100 fateretur
931 1055 1134 1119 quem
1184 1038 1377 1122 prius
1416 1038 1747 1106 edidisset
1784 1039 1855 1103 in
1895 1040 2141 1118 lucem,
2173 1043 2321 1124 pari
2360 1043 2587 1108 aetatis

364 1140 771 1206 auctoritate
794 1158 1108 1221 regnare:
1155 1161 1282 1207 vos
1304 1143 1431 1207 hoc
1458 1148 1701 1226 sponte
1723 1138 1993 1218 facitis,i
2021 1159 2193 1225 quos
2214 1143 2286 1207 in
2308 1145 2589 1209 summis

363 1243 567 1308 rebus
597 1242 897 1324 aequavit
919 1262 1052 1308 non
1081 1244 1384 1309 vultuum
1418 1240 1841 1329 similitudo,j
1874 1245 1990 1308 sed
2021 1263 2298 1309 morum.

453 1344 637 1410 CAP.
684 1358 768 1407 x.
808 1344 876 1408 1.
923 1343 1242 1410 Attamen
1270 1343 1483 1425 illos,¹‘
1510 1348 1571 1412 si
1603 1345 1963 1411 discrimen
1996 1345 2146 1410 sui‘
2180 1347 2355 1411 scire
2386 1350 2588 1430 potu-

360 1447 600 1522 issent,
647 1445 866 1510 minus
913 1446 1151 1511 mirum
1200 1447 1465 1525 fuisset,
1502 1448 1823 1530 exiguam
1868 1448 2001 1513 sibi
2050 1450 2588 1515 communicasse

356 1548 729 1631 regionem,
759 1567 962 1632 quam
998 1568 1186 1633 saepe
1217 1569 1353 1616 uno
1383 1549 1496 1615 die
1523 1550 1813 1633 impiger
1841 1550 2066 1617 viator
2095 1568 2407 1617 emensus
2439 1560 2584 1618 est:

1062 382 1641 433 nnncvnrcus.
1710 384 1793 433 n.
1840 368 1952 434 10.

429 1729 452 1756 θ
485 1725 625 1775 Inter
644 1739 695 1775 se
715 1724 960 1777 divisisse.

1298 1828 1668 1861 woman

362 1934 600 1985 Rhensn.
632 1940 899 1995 concordes,
931 1943 981 1990 et
1013 1940 1252 2003 quode-4
1288 1940 1506 2004 Cuspin.
1536 1942 1641 1991 sulla
1666 1939 1894 2005 potentia
1913 1939 2230 1992 mutim.
2293 1938 2430 1989 Edd.
2453 1943 2589 1991 vett.

355 2001 510 2050 ullum
550 2003 666 2051 vitae
706 2017 822 2060 vos,-
854 2005 978 2057 Vct.
1022 2005 1246 2055 Putenn.
1290 2006 1493 2056 Bertin.
1539 2006 1768 2069 Guelplr.
1798 2007 1930 2056 Exc.
1973 2007 2128 2055 Voss.
2172 2002 2377 2053 Acidal.
2420 2005 2588 2054 Baun-

360 2066 621 2115 Scbwarz.
657 2068 836 2132 Jaeger
883 2077 938 2119 et
977 2077 1199 2120 receutt.
1247 2070 1396 2120 ullum
1449 2073 1583 2121 inter
1627 2086 1722 2121 cos.
1810 2071 1978 2121 Livin.
2024 2068 2161 2132 conj·
2216 2068 2589 2120 Lac-edm

358 2133 376 2159 ⁸
404 2130 552 2187 Mox,
579 2137 706 2181 sorte
727 2134 971 2195 ignorant
993 2134 1223 2198 Gnelph.
1241 2140 1298 2183 et
1321 2137 1451 2185 Exc.
1473 2137 1627 2186 Voss.
1664 2151 1781 2200 quae
1803 2135 1870 2188 de
1894 2137 2082 2185 lacuna
2114 2135 2166 2182 in
2198 2134 2317 2182 cod.
2353 2143 2586 2185 monent.

357 2195 522 2245 Forte
544 2196 664 2245 binc
681 2200 905 2261 scripsit,
938 2214 1080 2263 pares
1097 2198 1335 2250 teneatis!
1370 2201 1651 2250 Arma—5
1684 2201 1701 2230 ‘
1728 2201 1859 2250 Exc.
1876 2202 2025 2250 Voss.
2054 2212 2110 2249 co
2128 2197 2249 2260 egit,
2272 2212 2377 2248 eun
2406 2200 2589 2250 munins

359 2259 535 2322 evehit,
560 2262 739 2311 nemini
759 2264 1043 2324 fater-sm.-
1073 2264 1359 2328 corrupte.'
1388 2266 1542 2316 Idem.
1607 2265 1798 2329 Delph.
1824 2273 1881 2315 et
1903 2265 1970 2314 nl.
2004 2270 2134 2312 vett.
2165 2267 2330 2326 sponte
2345 2263 2589 2324 sucinis:

354 2323 755 2450 BertinJCusp.
790 2328 943 2379 codd.
982 2325 1280 2392 Schunrzii,
1317 2331 1468 2381 ambo
1507 2330 1649 2381 Gud.
1684 2331 1814 2380 Exc.
1851 2331 2006 2381 Voss.
2039 2336 2098 2378 et
2127 2328 2258 2377 Exc.
2293 2328 2585 2379 Schonhov.

419 2396 530 2440 onte
583 2392 741 2442 acius.

357 2403 569 2506 wCAr.
597 2469 654 2508 x.
724 2462 750 2507 1
785 2459 1017 2510 Attamen
1039 2459 1166 2525 illos,
1188 2458 1336 2513 etium
1356 2459 1401 2509 si
1423 2460 1637 2525 Cuspiu-
1658 2458 1829 2510 Paris.
1850 2463 1999 2510 1646.
2033 2458 2203 2509 Bsun.
2223 2466 2281 2510 et
2298 2463 2444 2523 seqq.
2488 2457 2587 2508 At·

1352 2622 1584 2676 No'rAE

427 2743 456 2780 τ
487 2735 628 2786 Inter
656 2735 765 2799 vos]
798 2737 885 2788 Ita
919 2752 1101 2789 sensus
1137 2739 1337 2803 exegit,
1370 2747 1431 2789 ut
1515 2738 1618 2788 rati
1643 2744 1782 2794 snut,
1804 2737 1942 2803 quod
1963 2736 2339 2801 deprehensum
2360 2734 2583 2787 subinde

350 2809 513 2872 juxta
562 2820 770 2862 veteres
822 2814 1030 2865 codices
1083 2816 1430 2872 emendarem.
1512 2814 1602 2878 sit,
1624 2815 1766 2878 prius
1791 2816 1842 2863 in
1868 2815 2035 2864 lucem
2070 2812 2267 2863 editum
2296 2811 2455 2862 fuisse
2478 2812 2584 2863 Eu·

356 2900 456 2950 pro
477 2888 596 2938 vita
621 2905 723 2945 vos.
756 2892 1013 2953 quomodo
1044 2891 1096 2942 in
1131 2893 1429 2957 vulgaribus
1511 2890 1828 2954 rysthenem.
1879 2891 1960 2941 Ex
1982 2891 2080 2940 bac
2104 2889 2299 2940 familis
2320 2893 2404 2939 81.
2428 2903 2582 2953 reges

358 2961 680 3013 editionibus
702 2965 917 3027 legitur.
1511 2968 1760 3029 extitere,
1792 2980 1858 3015 ex
1905 2966 2068 3015 altera
2104 2980 2228 3015 vero
2262 2968 2343 3014 24.
2377 2970 2584 3014 tantum

425 3036 451 3070 ¹¹
491 3039 686 3089 Gemini
716 3043 792 3090 illi
824 3042 984 3105 reges]
1018 3041 1340 3108 Eurystheus
1374 3052 1431 3104 et
1512 3049 1869 3092 numerantur.
1925 3041 2109 3090 videri
2148 3046 2325 3105 potest
2353 3040 2583 3091 Pausan-

357 3114 599 3179 Procles,
617 3117 936 3169 Aristodemi
958 3107 1207 3186 etArgioe
1226 3118 1318 3170 filii
1341 3135 1430 3186 ge·
1511 3118 1567 3167 in
1590 3117 1784 3169 Lacon.
1806 3132 1853 3167 c.
1875 3121 1924 3166 1.
1947 3122 1998 3167 2.
2020 3121 2070 3168 7.

354 3191 522 3251 melli,
547 3192 844 3245 Heraclidae
871 3197 1018 3259 dicti,
1040 3196 1177 3262 quod
1200 3198 1268 3247 ab
1292 3197 1425 3247 Her-

358 3268 480 3317 cule
504 3283 669 3332 genus
692 3272 965 3324 ducerent.
1001 3273 1073 3323 Hi
1097 3274 1427 3338 Peloponne-

350 3360 418 3395 so
455 3361 540 3398 au.
577 3350 756 3399 mundi
787 3355 937 3401 2881.
965 3359 1141 3415 capta,
1172 3353 1423 3417 pulsoque

353 3422 481 3472 inde
501 3424 780 3475 Tisamene
813 3426 1321 3478 Lacedaemoniorum
1345 3443 1426 3478 re-

355 3512 442 3562 ge,
478 3506 534 3550 et
569 3500 816 3554 Penthile
847 3504 1052 3554 Orestis
1087 3504 1212 3566 filio,
1247 3507 1425 3555 stetim

354 3574 426 3624 ab
443 3575 592 3625 obitu
608 3579 893 3645 patris,qni
913 3581 962 3630 in
982 3581 1321 3645 expeditione
1338 3583 1429 3632 illa

354 3649 583 3714 interiit,
604 3654 756 3703 ambo
780 3664 1080 3720 regnarunt,
1100 3658 1272 3719 simul,
1287 3658 1425 3722 quod

352 3726 410 3776 in
435 3727 642 3779 incerto
674 3738 814 3782 esset
847 3740 970 3782 nter
1001 3734 1166 3783 altero
1201 3733 1343 3798 prior
1373 3734 1427 3783 in

352 3804 529 3854 lucem
553 3806 769 3858 exisset.
833 3808 969 3859 Inde
1002 3823 1159 3873 porro
1194 3809 1312 3860 duae
1346 3824 1427 3860 re·

300 3895 305 3900 ·
352 3894 478 3944 gum
502 3878 716 3932 familias
737 3881 980 3946 filerunt3
1021 3884 1425 3949 Eurysthenida-

353 3970 490 4014 rnm,
525 3960 616 4022 qui
649 3966 705 4008 et
734 3958 921 4024 Agidae
957 3960 1021 4009 sb
1046 3960 1218 4025 Agide
1257 3962 1426 4027 Eury·

352 4031 555 4083 sthenis
588 4031 700 4083 filio
723 4034 847 4085 dicti
886 4044 1027 4098 sunt,
1062 4043 1119 4086 et
1154 4037 1428 4087 Proclida-

353 4122 468 4159 rnm
507 4110 599 4173 qui
637 4117 694 4159 et
729 4110 1109 4175 Eurypontidae
1150 4112 1217 4162 ab
1257 4114 1423 4177 Eury-

355 4192 517 4249 ponte
541 4186 751 4236 Proclis
774 4197 965 4253 nepote
990 4190 1257 4254 appellati.
1321 4190 1423 4239 En-

356 4263 669 4326 rystbenidae
704 4265 870 4327 magis
903 4279 1018 4315 eam
1043 4265 1111 4317 ob
1136 4280 1242 4317 rem
1266 4266 1423 4317 bono·

481 4345 666 4410 Delph.
685 4349 735 4395 et
764 4344 879 4398 ναν.
908 4347 1039 4399 Clas.

1316 4349 1506 4411 Paneg.
1535 4346 1650 4397 Vct.

1599 3194 1811 3245 ¹Facitis
1845 3189 2099 3260 [faciatis]
2133 3193 2273 3258 Lege
2290 3191 2487 3255 facilis,
2522 3197 2582 3243 ut

1509 3269 1774 3320 Livineius
1819 3271 1976 3334 juxta
2019 3275 2198 3319 vetera
2253 3269 2580 3333 exemplaria

1508 3347 1772 3397 emendat.
2493 3341 2500 3348 “

1565 3426 1584 3470 1
1608 3428 1722 3477 Non
1742 3428 1957 3476 cultuum
1976 3424 2265 3489 similitudo]
2298 3425 2509 3489 Inspice
2531 3425 2578 3476 si

1507 3502 1656 3553 lubet
1696 3503 1969 3568 utriusque
2003 3503 2283 3567 numisma,
2316 3503 2456 3566 quod
2490 3515 2579 3552 eo-

1510 3594 1624 3631 rnm
1648 3580 1773 3630 vitae
1798 3580 2134 3644 praefiximus.

1573 3653 1599 3689 ¹²
1631 3655 1859 3706 Attamen
1880 3655 2012 3720 illos]
2037 3653 2192 3707 Quod
2211 3653 2253 3703 si
2276 3653 2582 3704 Heraclida

1507 3730 1806 3781 discernere
1821 3736 2107 3794 utcumque
2127 3728 2446 3793 potuissent,
2458 3736 2580 3781 nter

1510 3808 1677 3857 altero
1698 3807 1840 3869 prior
1857 3807 1909 3855 in
1930 3808 2099 3855 lucem
2121 3804 2417 3869 prodiisset,
2433 3806 2577 3857 hand

1509 3881 1663 3933 valde
1681 3881 1869 3933 fuisset
1892 3883 2098 3944 mirum,
2116 3882 2161 3930 si
2185 3881 2448 3945 regionem
2465 3889 2575 3934 tam

1507 3962 1767 4025 exiguam,
1793 3959 1988 4009 fratres
2019 3958 2138 4017 duo,
2164 3960 2331 4024 qualis
2366 3970 2448 4012 est
2481 3976 2573 4011 ex-

1507 4046 1673 4087 trema
1695 4036 2047 4102 Peloponnesi
2067 4051 2221 4110 pars,
2255 4041 2361 4086 tam
2396 4038 2574 4088 unani-

1506 4114 1664 4162 miter
1688 4112 2083 4177 gubernassem.
2150 4110 2225 4162 At
2248 4127 2357 4173 vos,
2381 4113 2469 4178 qui
2494 4121 2575 4164 to-

1508 4196 1617 4238 tum
1659 4195 1920 4238 terrarum
1963 4185 2139 4236 orbem
2186 4186 2391 4239 habetis
2431 4190 2573 4240 inter
2636 4212 2654 4231 ο

1506 4280 1599 4315 vos
1627 4262 1984 4328 dividendum,
2005 4265 2102 4312 διο.

2324 4349 2356 4393 4
2396 4345 2441 4394 Ε
