3084 4959
478 358 652 426 1312
1482 372 1664 421 viu

432 517 442 540 ³
478 528 661 589 tento
691 519 775 587 ad
822 518 1265 588 Christianam
1315 519 1706 603 religionem
1757 538 2150 585 conversum
2199 520 2388 586 multi
2431 519 2678 588 eruditi

479 626 861 709 opinantur,
890 644 1042 690 cum
1073 624 1162 689 ab
1190 643 1276 690 eo
1309 629 1614 708 tempore
1659 628 1726 689 et
1764 623 2221 707 persecutioni
2248 622 2525 689 modum
2552 626 2679 691 im-
2792 698 2807 714 .

479 730 906 814 posuerit„et
931 728 1146 793 multa
1167 726 1698 792 Christianorum
1729 745 1941 792 causa
1962 726 2277 803 edixerit,
2301 726 2676 793 Gentilium

478 832 637 898 fana
672 831 1022 912 everterit3
1066 829 1334 894 demum
1381 828 1687 894 Nicoenae
1730 826 1992 912 synodo
2036 828 2427 894 interfuerit.
2515 830 2679 895 Hac

480 935 692 1000 divini
722 931 964 998 auxilii
995 918 1486 1014 significatione
1513 932 1732 997 fretus
1758 929 2250 998 Constantinus
2293 932 2675 1015 Segusium,

478 1036 903 1112 Taurinates,
916 1034 1289 1113 Vercellas»,
1313 1027 1641 1112 Brixiam,
1660 1032 2000 1100 Veronam
2021 1035 2479 1101 strenuissimo
2502 1036 2676 1102 duce

480 1137 763 1204 Ruricio
789 1139 1153 1214 defensam,
1171 1135 1583 1223 Aquileiam,
1600 1136 2050 1217 Placentiam,
2072 1138 2431 1217 Mutinam,
2451 1144 2518 1204 et
2535 1158 2679 1204 om·
2770 1135 2774 1140 ’

479 1261 634 1307 nem
664 1241 767 1306 cis
797 1240 1061 1306 Padum
1094 1239 1371 1306 Italiam
1397 1252 1772 1325 recuperat,
1804 1262 1888 1309 ac
1911 1242 2195 1326 denique
2219 1242 2444 1327 ipsum
2474 1242 2679 1308 Max-

481 1345 737 1410 entium
769 1350 948 1409 trans
977 1350 1257 1426 pontem
1302 1343 1617 1409 Milvium
1661 1343 1751 1410 ad
1796 1344 1988 1410 Saxa
2030 1346 2231 1411 rubra
2276 1348 2561 1429 septimo
2590 1347 2682 1410 ab
2751 1357 2756 1362 ’

480 1448 649 1512 urbe
673 1445 948 1511 milliari
993 1466 1149 1512 cum
1194 1447 1535 1514 ducentis·
1557 1448 1740 1514 mille
1769 1449 2123 1527 militibus,
2160 1467 2440 1532 quorum
2491 1454 2679 1515 octo-

481 1551 694 1634 ginta,
718 1557 795 1616 ut
824 1550 1045 1634 inquit
1068 1549 1416 1629 Zosimus,
1438 1549 1735 1616 Romani
1764 1559 2020 1630 essent,
2054 1557 2508 1617 occurrentem
2535 1550 2679 1617 fun-

481 1654 662 1719 ditus
694 1651 894 1729 delet,
925 1650 1088 1716 Kal.
1117 1649 1370 1718 Octob.
1393 1652 1614 1737 inquit
1643 1652 2055 1738 onuphrius.
2101 1654 2266 1739 Ipse
2283 1653 2679 1719 Maxentius

483 1759 689 1839 ponte
721 1761 992 1839 propter
1028 1754 1300 1820 nimiam
1340 1755 1737 1835 fugientium
1779 1757 2269 1824 multitudinem
2306 1756 2683 1836 fatiscente,

483 1856 714 1922 Tiberi
744 1856 963 1941 pridie
993 1877 1192 1944 quam
1224 1858 1588 1942 septimum
1630 1861 2001 1944 tyrannidis
2043 1879 2289 1925 annum
2334 1859 2682 1926 inchoaret

486 1958 830 2026 demersus
861 1965 989 2025 est.
1078 1960 1421 2027 Postridie
1450 1981 1612 2029 vero
1641 1964 1863 2048 ipsius
1894 1984 2139 2050 corpus
2170 1984 2260 2029 ex
2291 1965 2490 2049 aquis
2520 1963 2682 2028 sub-

483 2062 722 2141 latum,
751 2071 1096 2148 caputque
1125 2083 1248 2147 per
1276 2063 1548 2131 Italiam
1579 2071 1649 2132 et
1675 2065 1978 2133 Africam
2028 2067 2118 2133 ad
2158 2067 2520 2133 ludibrium
2554 2066 2679 2132 cir-

485 2165 855 2236 cumlatum
883 2172 1008 2231 est.
1095 2166 1212 2233 Sic
1237 2166 1719 2235 Constantinus
1741 2171 1958 2236 victor
1976 2172 2211 2240 urbem
2238 2171 2497 2240 solenni
2525 2190 2682 2237 cum

486 2287 743 2353 pompa
778 2289 862 2335 ac
901 2269 1346 2353 gratulatione
1390 2276 1461 2335 et
1500 2270 1751 2338 faustis
1794 2280 2073 2339 senatus
2099 2274 2493 2359 populique
2535 2272 2681 2339 Ro-

487 2372 666 2435 mani
710 2372 1302 2439 acclamationibus
1330 2373 1696 2457 ‘ingressus
1753 2384 1888 2443 est.
1976 2377 2188 2443 Tituli
2244 2378 2309 2443 ei
2357 2385 2682 2463 tanquam

485 2475 509 2509 ‘
537 2473 883 2540 liberatori
915 2475 1121 2554 urbiS,
1152 2474 1493 2542 fundatori
1522 2477 1814 2561 quietis,’
1842 2479 2139 2547 decreti:
2185 2501 2267 2548 ac
2297 2487 2521 2547 statua
2546 2482 2684 2565 ipsi

486 2575 559 2641 in
603 2575 749 2642 foro
793 2577 1020 2664 posita
1063 2597 1332 2644 crucem
1376 2598 1580 2646 manu
1626 2583 2070 2666 praetendenS,
2106 2584 2412 2651 victoriae
2460 2584 2683 2650 crucis

486 2678 816 2745 beneficio
847 2686 1058 2765 partae
1087 2688 1567 2766 argumentum.
1653 2684 1843 2752 Hinc
1881 2686 2316 2755 indictionum
2361 2688 2550 2771 origo
2581 2707 2683 2753 re-

487 2782 752 2865 petitur.

514 2943 525 3056 ἶ
591 2953 681 3022 Α.
712 2957 804 3024 U.
826 2957 907 3024 C.
933 2976 1208 3030 Mnxvr.
1273 2963 1523 3031 christi
1555 2983 1877 3035 cccxnr.
1937 2966 2172 3038 Const.
2202 2968 2379 3055 Imp.
2406 2986 2575 3035 vul.

1377 3068 1598 3135 AEtat.
1630 3086 1798 3136 xm.

512 3239 521 3271 4
576 3194 1066 3266 Constantinus
1093 3202 1369 3269 tertium
1398 3208 1641 3272 consul
1669 3207 1937 3274 Licinio
1981 3225 2100 3275 111.
2134 3228 2276 3275 cos.
2320 3212 2521 3276 rebus
2548 3230 2687 3277 om-

490 3295 689 3364 nibus
720 3300 790 3363 in
817 3302 983 3366 urbe
1025 3303 1352 3372 ordinatis
1404 3308 1564 3373 inde
1610 3310 1796 3376 circa
1827 3327 1991 3375 xvl.
2023 3310 2187 3376 Kal.
2217 3312 2413 3379 Febr.
2447 3312 2542 3378 ad
2565 3334 2689 3380 ex-

491 3405 676 3467 ortos
729 3402 994 3468 interim
1042 3404 1115 3469 in
1171 3406 1536 3478 Germania
1590 3414 1910 3480 tumultus
1968 3416 2320 3498 pacandos
2382 3417 2687 3487 discedit.

489 3503 691 3569 Prius
721 3509 943 3570 tamen
966 3506 1346 3577 Mediolani
1368 3503 1665 3582 sororem
1695 3537 1885 3583 suam
1920 3515 2389 3587 Constantiam
2419 3523 2687 3590 Licinio

450 3645 457 3704 s
490 3603 672 3689 Aug.
701 3614 982 3691 nuptum
1014 3610 1221 3679 dedit.
1286 3614 1425 3686 ,Ad
1456 3639 1629 3705 quas
1658 3621 1937 3705 nuptias
1986 3623 2458 3691 Diocletianus
2486 3647 2686 3693 voca-

490 3716 627 3790 tus,
654 3720 749 3788 *et
794 3712 982 3797 quod
1029 3716 1256 3784 venire
1303 3728 1686 3789 recusasset
1741 3722 2119 3806 minacibus
2163 3726 2430 3792 illorum
2479 3729 2690 3795 literis

399 3854 402 3857 -
491 3812 787 3894 territus,
827 3819 1026 3886 tertio
1072 3828 1231 3904 post
1275 3842 1450 3910 anno
1490 3843 1828 3892 venenum
1871 3826 2185 3893 hausisse
2219 3829 2480 3898 dicitur.
2523 3830 2691 3897 Vid.

492 3911 662 3981 Aur.
689 3916 956 3986 Victor.
1040 3921 1180 3988 His
1208 3926 1843 4009 nuptiis-celebratis
1890 3929 2193 3996 Licinius
2220 3934 2290 3997 in
2321 3932 2687 4017 Illyricum,

495 4013 976 4089 Constantinus
1004 4024 1075 4088 in
1104 4024 1392 4107 Gallias,
1419 4028 1505 4094 ad
1538 4030 1763 4096 Rheni
1801 4032 2016 4116 ripam
2061 4035 2438 4101 concessit:
2484 4035 2690 4101 Fran-

445 4124 449 4127 ’
495 4138 618 4184 cos
649 4123 1001 4191 transitum
1027 4126 1384 4198 molientes
1413 4133 1811 4217 comprimit,
1838 4142 1908 4199 ct
1936 4155 2097 4201 mox
2123 4157 2244 4221 per
2258 4138 2489 4217 duceS,
2514 4157 2692 4224 quos

495 4220 596 4288 ihi
624 4224 1011 4311 reliquerat,
1042 4229 1274 4298 vincit.
1365 4233 1784 4330 Maximinus
1813 4247 2051 4306 contra
2077 4238 2598 4308 Constantinum
2625 4247 2696 4307 et
