3084 4959
991 846 1125 921 DE
1174 847 1631 916 AUCTORE
1681 845 2321 927 PANEGYRICI,

895 1044 985 1103 ET
1015 1048 1166 1104 Quo
1199 1046 1560 1102 TEMPORE
1591 1047 1685 1102 Ac
1718 1047 1913 1100 Loco
1948 1047 2266 1101 HABITUS
2299 1048 2426 1100 SIT.

647 1519 1181 1589 MAMER‘HNUS
1211 1540 1253 1586 a
1281 1519 1327 1584 J
1329 1519 1560 1585 uliano
1588 1519 1897 1603 Angusto
1928 1520 2165 1585 consul
2196 1519 2415 1586 factus
2438 1519 2567 1586 hac
2597 1538 2749 1586 ora⁴

556 1624 741 1690 tione
786 1624 1078 1708 Principi
1123 1623 1373 1706 gratias
1410 1623 1575 1704 agit.
1664 1621 2102 1713 Pronuntiata
2144 1619 2247 1687 est
2291 1642 2465 1690 anno
2497 1623 2746 1691 Christi

558 1738 899 1793 cccnxu.
947 1746 1123 1805 cum,
1166 1732 1243 1791 ut
1289 1744 1381 1791 ex
1426 1725 1626 1791 fastis
1671 1733 1973 1809 apparet,
2019 1726 2445 1791 consulatum
2496 1731 2747 1810 gereret

559 1829 813 1897 Nevita
858 1829 1140 1914 collega.
1230 1827 1408 1911 Quis
1463 1847 1668 1912 porro
1724 1826 2168 1893 Mamertinus
2216 1829 2329 1894 ille
2381 1831 2600 1907 fuerit,
2649 1849 2743 1894 ex

554 1951 697 2016 qua
747 1932 971 2016 patria
1020 1931 1362 2009 oriunduS,
1410 1931 1677 2009 nullibi,
1727 1931 1912 2016 quod
1959 1933 2195 2011 sciam,
2241 1932 2570 2017 proditum
2621 1939 2743 1998 est.

555 2033 703 2117 Ego
731 2035 932 2103 facile
957 2042 1191 2121 putem
1220 2035 1397 2100 hunc
1431 2032 1753 2099 Messana
1780 2033 2128 2100 oriundum
2164 2033 2403 2113 fuisse,
2435 2035 2535 2099 sic
2564 2035 2744 2101 enim

553 2135 1037 2203 Messanenses
1079 2143 1350 2222 propter
1385 2136 1830 2202 Mamertinos
1874 2136 2163 2221 hospitio
2202 2143 2529 2220 exceptos
2573 2138 2744 2206 dicti

553 2248 711 2306 sunt
739 2239 1146 2307 Mamertinh
1235 2239 1403 2324 Ejus
1441 2239 1692 2304 mentio
1722 2237 1801 2303 fit
1827 2238 1901 2303 in
1931 2238 2135 2304 variis
2159 2239 2337 2304 locis
2368 2240 2548 2323 apud
2579 2239 2740 2305 Am-

551 2341 849 2408 mianum
878 2342 996 2407 lib.
1028 2358 1129 2406 vi.
1159 2354 1334 2406 xxl.
1366 2357 1598 2405 xxm.
1682 2339 1916 2427 Atque
1958 2341 2158 2407 etiam
2203 2342 2354 2426 ipse
2383 2341 2468 2407 de
2499 2362 2574 2407 se
2602 2362 2742 2407 non

552 2445 763 2509 semel
787 2444 1084 2528 loquitur
1110 2444 1343 2511 hocin
1370 2439 1812 2528 Panegyrico.
1900 2443 2013 2509 Ex
2053 2445 2303 2529 quibus
2330 2444 2502 2510 locis
2532 2446 2744 2508 omni—

549 2549 696 2615 bus.
743 2553 1013 2613 constat
1062 2546 1538 2619 Mamertinum
1588 2546 1977 2631 praefectum
2030 2548 2266 2613 aerario
2315 2546 2553 2626 fuisse,
2600 2533 2738 2611 tum

548 2651 934 2735 praefectum
965 2653 1285 2735 praetorio
1313 2673 1434 2737 per
1461 2651 1836 2735 Illyricum,
1867 2653 1936 2716 in
1978 2650 2174 2735 cnjus
2217 2652 2586 2734 provinciae
2617 2649 2752 2735 adq

482 2791 494 2816 2
547 2755 1037 2819 ministratione
1084 2756 1432 2839 peculatus
1473 2775 1653 2834 reuS,
1699 2755 2053 2821 absolutus
2095 2762 2225 2833 est,
2271 2773 2354 2819 ac
2398 2753 2665 2818 tandem
2698 2772 2740 2816 a

546 2855 595 2944 J
600 2856 820 2921 uliano
876 2857 1113 2921 consul
1169 2855 1410 2921 factus.
1498 2854 1611 2921 An
1666 2874 1825 2924 'vero
1886 2856 2318 2921 Mamertinus
2367 2857 2498 2931 hic,
2554 2855 2737 2920 idem

545 2958 763 3037 fuerit,
795 2965 1000 3042 atque
1032 2959 1147 3024 ille
1177 2960 1289 3024 cui
1320 2959 1718 3044 Panegyrici
1751 2977 1833 3024 ιι.
1865 2966 1933 3025 et
1964 2974 2080 3021 ιιι.
2117 2958 2542 3024 Maximiano
2575 2957 2737 3023 dicti

547 3062 1021 3140 attribuuntur,
1048 3081 1264 3145 neque
1293 3061 1498 3127 velim
1544 3060 1886 3140 affirmare,
1916 3067 1988 3125 ut
2017 3059 2104 3126 ad
2127 3060 2253 3124 hos
2283 3060 2734 3145 Panegyricos

544 3164 922 3243 observavi,
944 3173 1219 3248 propter
1249 3165 1544 3247 spatium
1576 3164 2006 3248 septuaginta
2034 3180 2354 3246 annornm
2385 3163 2556 3226 inter
2582 3162 2735 3226 illo·

544 3256 690 3330 rum
734 3275 799 3330 et
843 3265 1041 3349 hujus
1088 3264 1494 3350 Panegyrici
1541 3270 1886 3349 tempora3
1930 3282 2145 3348 neque
2191 3263 2411 3328 ausim
2455 3282 2733 3346 prorsus

544 3387 833 3452 negare:
895 3388 1045 3432 nam
1078 3375 1239 3457 *tum
1299 3387 1455 3433 cum
1513 3367 1688 3432 hanc
1734 3367 2100 3432 orationem
2157 3365 2327 3431 dixit
2378 3364 2733 3429 admodum

542 3491 753 3539 senex
783 3470 993 3536 fuisse
1021 3469 1306 3548 videtur,
1338 3478 1419 3533 ut
1444 3476 1710 3535 constat
1738 3490 1822 3535 ex
1853 3469 2106 3553 Paneg.
2136 3488 2286 3553 cap.
2321 3484 2519 3532 xvu.
2552 3470 2572 3503 ‘
2594 3466 2734 3532 Sed

544 3594 592 3640 a
627 3574 875 3639 teneris
919 3574 1134 3653 annis,
1180 3573 1267 3638 ab
1307 3579 1510 3638 aetate
1548 3573 1789 3658 puerili
1830 3573 1919 3638 ad
1947 3573 2119 3639 hanc
2149 3592 2360 3658 usque
2390 3570 2733 3650 canitiem,

540 3678 941 3752 consulatus
975 3695 1198 3743 amore
1223 3672 1546 3760 flagravi?
