3084 4959
802 381 1149 466 mssnnr.
1195 381 1300 432 sn
1350 377 1802 433 usualium
1855 384 2127 434 ransc.
2385 367 2564 438 113⁵

343 524 798 593 detestatione
844 527 1185 594 viventem
1234 526 1421 614 apud
1467 523 1810 611 Margum,
1855 528 2164 608 (Moesiae
2204 531 2564 614 oppidum)

339 630 589 713 ingenti
620 630 862 714 praelio
893 631 1082 710 vicit,
1103 632 1442 717 proditum
1467 632 1555 696 ab
1582 632 1882 700 exercitu
1914 652 2062 697 suo.
2086 678 2102 694 .
2123 674 2141 693 .
2165 678 2181 695 .
2204 633 2312 698 lta
2342 653 2557 699 rerum

342 729 811 799 Romanarum
867 735 1145 818 potituS,
1199 749 1355 799 cum
1407 735 1762 800 tumultum
1811 734 2141 800 rusticani
2201 734 2276 799 in
2326 735 2561 801 Gallia

343 838 829 914 concitassent,
870 845 942 901 et
972 836 1246 903 factioni
1277 854 1425 900 suae
1460 835 1938 918 Bagaudarum
1985 856 2224 902 nomen
2255 838 2561 921 impone-

341 947 513 1017 rent,
576 939 785 1005 duces
845 945 1075 1005 autem
1115 938 1445 1005 haberent
1490 938 1884 1004 Amandum
1937 947 2009 1004 et
2062 941 2429 1018 AElianum,
2471 944 2559 1009 ad

343 1041 755 1123 subigendos
785 1061 910 1107 eos
943 1040 1440 1107 Maximianum
1491 1041 1889 1108 Herculium
1940 1040 2282 1108 Caesarem
2332 1044 2562 1125 misit3

342 1144 462 1225 qui
509 1144 777 1209 levibus
821 1145 1081 1228 praeliis
1131 1153 1435 1230 agrestes
1483 1145 1777 1223 domuit,
1820 1152 1893 1211 et
1937 1164 2184 1230 pacem
2232 1145 2562 1232 (partem)

345 1244 593 1314 Galliae
634 1247 1066 1315 reformavit?

429 1348 524 1414 A.
556 1348 635 1414 C.
661 1349 815 1416 286.
858 1351 881 1387 ⁴
913 1349 1016 1415 M.
1064 1350 1277 1417 sunio
1328 1350 1644 1416 Maximo
1699 1366 1786 1416 11.
1837 1357 1908 1416 et
1948 1350 2184 1416 Vettio
2229 1349 2557 1435 Aquilino

346 1450 787 1530 Consulibus,
812 1452 1084 1519 levatus
1117 1461 1220 1520 est
1253 1453 1724 1519 Maximianus
1769 1453 2020 1532 senior,
2070 1452 2257 1539 (sive
2284 1452 2558 1518 Hercu-

343 1553 507 1634 lius)
554 1551 669 1617 die
697 1551 1159 1619 Kalendarum
1190 1554 1579 1639 Aprilium,'
1625 1556 1845 1638 inquit
1883 1554 2161 1620 Idacius
2191 1556 2261 1620 in
2292 1555 2560 1637 Fastis;

343 1675 502 1720 cum
557 1655 819 1721 scilicet
859 1656 1334 1722 Diocletianus
1386 1657 1691 1734 sentiret,
1734 1656 1824 1722 ad
1871 1657 2408 1740 compescendos
2456 1662 2561 1723 tot

342 1764 565 1823 motus
592 1757 722 1823 sibi
753 1767 1067 1824 consorte
1095 1761 1361 1843 imperii
1391 1779 1566 1845 opus
1596 1779 1774 1838 esse,
1808 1760 2066 1826 scilicet
2096 1768 2258 1828 tunc
2288 1759 2558 1825 Diocle-

343 1860 577 1925 tianus
606 1862 677 1925 in
706 1861 1026 1946 hybernis
1055 1882 1350 1940 moranS,
1393 1882 1476 1927 ac
1523 1863 1777 1927 bellum
1822 1864 2150 1929 adversus
2180 1861 2432 1927 Persas
2462 1862 2558 1926 ibi

345 1960 712 2041 adornans,
769 1964 1268 2031 Maximianum
1316 1966 1727 2031 renuntiavit
1787 1965 2190 2049 Augustum.
2301 1964 2556 2029 Eodem

348 2081 521 2130 auno
551 2064 900 2145 Germani,
930 2074 1251 2153 superato
1281 2066 1556 2148 Rheno,
1577 2071 1643 2134 in
1667 2068 1913 2134 Galliae
1944 2067 2204 2154 oppida
2229 2065 2558 2152 impetum
2623 2115 2634 2124 -

340 2161 600 2249 fecere3
647 2188 818 2252 quos
870 2177 1088 2235 autem
1144 2171 1409 2237 fortiter
1462 2171 1823 2237 debellavit
1864 2169 2355 2235 Maximianus.
2448 2170 2558 2235 De

343 2287 485 2353 qua
514 2270 800 2337 victoria
825 2272 1128 2356 loquitur
1157 2272 1626 2351 Mamertinus,
1659 2272 1989 2356 Panegyr.
2021 2291 2174 2356 cap.
2212 2288 2279 2334 v.
2372 2270 2559 2350 Quin

344 2377 417 2438 et
459 2372 695 2438 eodem
734 2375 866 2440 hoc
902 2394 1081 2440 anno
1121 2374 1519 2454 Car-ausim,
1552 2375 1763 2440 classi
1794 2394 1913 2459 per
1941 2380 2226 2439 tractum
2257 2374 2558 2458 Belgicae

342 2481 416 2539 et
465 2474 844 2543 Armoricae
891 2478 1239 2562 parandae,
1284 2485 1366 2564 ⁸et
1416 2477 1895 2563 propulsandis
1946 2475 2306 2541 Germanis
2348 2476 2561 2541 maria

341 2577 815 2645 infestantibus
843 2579 1229 2664 praefectus,
1264 2582 1354 2645 ob
1388 2580 1854 2664 suspicionem
1897 2583 2060 2646 vero
2103 2580 2392 2643 muneris
2430 2597 2558 2643 non

343 2688 533 2746 recte
583 2680 1066 2760 administrati,
1114 2703 1159 2747 a
1204 2682 1627 2748 Maximiano
1662 2681 1903 2766 jussus
1963 2681 2215 2758 occidi,
2268 2698 2561 2765 purpura

341 2789 591 2863 sumta,
617 2784 1009 2851 Britannias
1040 2787 1429 2872 occupavit.
1494 2783 1721 2865 Quam
1751 2803 1891 2849 rem
1924 2791 2144 2850 narrat
2164 2782 2561 2868 Eutropius,

348 2902 465 2955 lx.
492 2887 605 2952 21.

429 2987 522 3053 A.
563 2989 643 3055 C.
687 2988 839 3056 28⁷.
903 2989 1343 3054 Diocletiano
1385 2987 1599 3054 Jovio
1643 2983 1825 3070 Aug.
1860 3001 1980 3051 111.
2025 2991 2097 3052 et
2129 2984 2560 3050 Maximiano

344 3090 680 3159 Herculio
723 3091 901 3175 Aug.
952 3092 1390 3171 ConsulibuS,
1437 3091 1611 3174 ipsis
1642 3089 1975 3156 Kalendis
2005 3088 2052 3154 J
2056 3088 2375 3168 anuariis,
2405 3086 2558 3154 Ma·

339 3195 686 3260 ximianus
717 3193 1072 3277 Augustus
1122 3194 1444 3277 insignem
1499 3195 1852 3262 victoriam
1903 3191 2133 3256 retulit
2161 3190 2244 3254 de
2275 3190 2563 3257 Germa-

341 3297 474 3377 nis,
499 3299 616 3383 qui
646 3299 735 3363 ad
759 3297 1097 3364 Treveros
1119 3318 1364 3384 usque,
1386 3297 1457 3362 in
1485 3317 1623 3381 qua
1651 3295 1971 3381 primaria
1994 3292 2365 3359 Galliarum
2395 3293 2562 3357 urbe

341 3399 495 3485 ipse
525 3401 793 3482 agebat,
825 3407 1284 3484 pervenerant.
1376 3399 1849 3473 Diocletianus
1878 3414 2035 3461 vero
2064 3415 2200 3459 rem
2230 3393 2562 3459 adversus

342 3501 597 3569 Persas
627 3502 915 3569 feliciter
945 3503 1183 3587 gessit,
1213 3502 1368 3568 dum
1401 3502 1698 3581 Narseo,
1725 3502 2082 3566 Persarum
2109 3496 2276 3579 regi,
2307 3497 2558 3561 bellum

344 3605 433 3671 de
461 3606 784 3691 proximo
811 3612 1179 3684 ostentans,
1210 3612 1467 3671 tantum
1491 3604 1779 3670 incussit
1808 3609 2148 3677 terrorem,
2178 3606 2258 3664 ut
2286 3598 2401 3663 hic
2430 3611 2560 3662 non

341 3714 600 3775 tantum
660 3709 1051 3774 adventanti
1109 3707 1504 3793 imperatori
1561 3707 1738 3770 ultro
1791 3701 2072 3769 cesserit
2131 3700 2368 3784 Syria3
2435 3699 2560 3765 sed

341 3810 548 3878 etiam
581 3830 823 3894 pacem
865 3810 1152 3892 supplex
1201 3829 1321 3893 per
1362 3808 1767 3891 legationem
1810 3801 2174 3885 rogaverit.
2265 3803 2375 3867 De
2408 3800 2559 3867 Ma·

339 3914 626 3979 ximiani
680 3914 963 3978 victoria
1027 3912 1170 3995 agit
1230 3911 1670 3977 Mamertinus
1724 3908 2053 3989 Panegyr.
2105 3923 2264 3988 cap.
2312 3921 2420 3969 v1.
2471 3904 2562 3972 de

341 4017 759 4083 Diocletiani
788 4016 990 4081 rebus
1018 4016 1087 4079 in
1122 4014 1365 4080 Persia
1394 4014 1605 4097 gestis
1638 4031 1790 4096 cap.
1818 4026 1958 4074 vu.
2045 4006 2155 4072 Ex
2186 4007 2295 4072 his
2324 4006 2561 4092 itaque

340 4121 542 4187 rebus
596 4118 805 4204 gestis
857 4118 1124 4202 utrique
1177 4117 1495 4200 Augusto
1541 4113 1924 4197 triumphus
1954 4110 2203 4175 Romae
2245 4107 2566 4174 decretus

341 4221 563 4293 fuisse
593 4223 879 4301 videtur,
918 4222 1036 4305 qui
1085 4221 1399 4304 quamvis
1426 4238 1562 4286 nen
1588 4237 1659 4283 re
1689 4219 1846 4300 ipsa
1882 4213 2084 4279 fuerit
2129 4219 2288 4278 tunc
2331 4229 2560 4295 perac-
