3084 4959
440 339 647 433 '1300
1110 357 1444 434 nummu
1491 383 1638 433 ΜΝ
1655 382 2031 434 sermons

472 525 843 611 impensius
883 526 1304 609 gratulantur,
1335 527 1516 613 quod
1535 528 1565 567 ‘¹
1601 532 1792 592 tanta
1829 526 1947 593 illa
1986 528 2089 593 vis
2125 526 2421 593 nauticae
2451 529 2666 597 rebel-

467 631 667 695 lionis
710 629 782 696 in
825 628 1135 713 vestigiis
1179 633 1322 695 suis
1362 630 1684 696 concidit.
1772 632 1838 696 ¹7.
1881 629 2115 715 Atque
2147 630 2367 716 ipsam
2396 631 2665 706 Britan-

469 733 673 811 niam,
705 753 858 817 quae
903 732 1133 797 sedem
1172 732 1486 797 diuturno
1515 733 1752 797 sceleri
1783 734 2208 816 praebuisset,
2232 741 2497 802 constat
2526 737 2667 802 vic-

470 837 707 903 teriam
739 843 1026 901 vestram
1059 834 1169 900 sui
1196 835 1620 900 restitutione
1646 837 1980 901 sensisse!
2290 829 2299 844 ⁶

494 991 503 1000 .
557 938 736 1003 CAP.
786 953 962 1003 xlx·
1032 939 1098 1002 1.
1145 936 1388 1003 Merito
1426 938 1630 1018 igitur
1670 940 1891 1005 statim
1930 944 2132 1023 atque
2163 939 2251 1004 ad
2279 939 2471 1006 littus
2500 940 2665 1007 illud

469 1045 835 1126 exoptatus
875 1040 1038 1105 olim
1079 1040 1352 1119 vindex,
1382 1050 1450 1106 et
1485 1041 1798 1106 liberator
1826 1042 2211 1127 appuleraS,
2242 1043 2483 1108 obvius
2514 1064 2665 1109 sese

468 1142 812 1226 majestati
870 1148 1004 1208 tuae
1064 1140 1487 1226 triumphus¹¹
1543 1143 1802 1221 effudit,
1858 1144 2358 1229 exultantesque
2415 1146 2663 1228 gaudio

468 1245 775 1312 Britanni
818 1266 974 1311 cum
1014 1244 1417 1327 conjugibus
1450 1266 1533 1312 ao
1570 1246 1802 1312 liberis
1843 1247 2244 1326 obtulerunt,
2272 1266 2404 1312 non
2443 1256 2511 1312 te
2558 1249 2661 1333 ip-

470 1368 622 1414 sum
665 1347 894 1426 modo,
926 1368 1147 1432 quem,
1179 1354 1257 1414 ut
1293 1350 1470 1414 coelo
1500 1349 1877 1434 delapsum,
1906 1350 2355 1429 intuebantur,
2387 1349 2510 1415 sed
2542 1352 2664 1418 eti-

469 1470 578 1516 am
616 1452 812 1517 navis
850 1451 1056 1528 illius,
1088 1470 1241 1536 quae
1284 1462 1469 1517 tuum
1506 1472 1754 1518 numen
1772 1451 2176 1532 advexerat,
2205 1453 2379 1532 vela,
2405 1454 2663 1537 remigi-

468 1574 647 1639 aque
690 1561 1101 1635 venerantes,
1131 1555 1489 1639 paratique
1530 1561 1599 1619 te
1637 1555 2110 1637 ingredientem
2148 1555 2377 1620 stratis
2416 1557 2664 1623 sentire

470 1654 931 1739 corporibus!
1008 1659 1072 1721 2.
1119 1656 1276 1722 Nec
1321 1658 1583 1736 mirum,
1627 1659 1688 1722 si
1731 1664 1918 1723 tanto
1963 1658 2212 1740 gaudio
2253 1658 2662 1740 ferebantur,

468 1768 628 1843 post
667 1766 769 1824 tot
807 1756 1160 1824 annorumi
1199 1759 1639 1825 miserrimam
1670 1759 2157 1845 captivitatem,
2188 1769 2347 1845 post
2374 1762 2662 1830 violatas

469 1862 814 1946 conjugeS,
860 1868 1014 1946 post
1062 1862 1420 1927 liberorum
1472 1870 1671 1946 turpe
1720 1864 2079 1943 servitium,
2128 1864 2401 1929 tandem
2449 1864 2663 1945 liberi,

468 1964 866 2047 tandemque
898 1962 1217 2042 Romani,
1246 1966 1514 2031 tandem
1546 1985 1699 2032 vera
1725 1966 1987 2052 imperii
2024 1967 2180 2032 luce
2209 1968 2513 2033 recreati.
2598 1968 2663 2034 3.

470 2066 822 2151 Siquidem
865 2072 1106 2151 praeter
1156 2067 1341 2132 illam
1383 2069 1761 2134 clementiae
1806 2075 2066 2148 vestrae,
2107 2068 2518 2155 pietatisque
2562 2070 2665 2137 fa-

468 2188 670 2246 mam,
724 2190 879 2254 quae
937 2171 1272 2236 communi
1328 2172 1631 2255 gentium
1693 2192 1860 2239 voce
1916 2172 2314 2252 celebratur,
2364 2174 2436 2237 in
2484 2173 2664 2258 ipso,

534 2312 562 2347 θ
592 2313 687 2363 Sed
715 2314 771 2362 ob
796 2315 999 2379 idipsum
1024 2315 1334 2378 gratulantur
1356 2314 1511 2377 magis
1531 2319 1634 2365 tum
1650 2316 1961 2379 providentioe
1978 2323 2150 2367 κείνω
2164 2322 2360 2383 propter
2378 2317 2492 2369 bene
2512 2318 2663 2370 admi·

468 2377 723 2428 nistratum
738 2379 924 2437 bouum,
941 2389 1042 2430 tum
1050 2382 1272 2441 sortunoe
1287 2386 1485 2445 propter
1501 2380 1615 2431 bene
1636 2381 1917 2444 confectum,
1935 2386 2076 2447 quod,
2094 2387 2178 2448 610.

534 2443 905 2558 ‘rManifz’sgum
927 2452 998 2495 est
1019 2461 1122 2496 eam
1143 2449 1389 2509 agnovisse
1413 2451 1604 2496 tantum
1631 2451 1837 2497 veteram
1857 2448 2106 2499 victoriam
2139 2450 2485 2502 instauratione
2515 2449 2592 2501 nti
2610 2449 2664 2499 in

467 2521 541 2557 me
561 2522 706 2558 iorem
725 2524 749 2557 n
773 2526 801 2557 a
825 2524 919 2561 um.
1192 2525 1195 2526 ⁷
1549 2537 1553 2544 ·

522 2571 558 2613 s
584 2573 855 2639 Suppositia
880 2576 1114 2628 sustinere
1133 2575 1418 2642 corporibus.

1379 2688 1742 2712 ”OW‘OOUQ

467 2764 622 2816 deeat
643 2769 696 2817 in
717 2769 840 2818 vet.
864 2770 1088 2823 Putean.
1111 2772 1315 2822 Bertin.
1336 2773 1552 2838 euspin.
1606 2776 1733 2825 adm⁸
1750 2774 2093 2839 providentiam
2112 2782 2331 2840 vestram,
2359 2783 2408 2828 et
2437 2777 2488 2826 in
2508 2776 2664 2837 factis

453 2830 710 2890 fortunam
728 2835 922 2899 impm.
945 2838 1074 2886 Exc.
1096 2836 1260 2900 Lang.
1328 2844 1376 2888 et
1399 2840 1450 2888 in
1470 2841 1599 2888 adm.
1621 2840 1731 2890 aeui
1746 2854 1796 2903 p.
1816 2846 1990 2891 vestra
2009 2842 2141 2905 conj.
2163 2841 2363 2893 Acidal.
2411 2843 2665 2902 infectione

455 2895 675 2957 fortuna
697 2900 814 2949 edd.
839 2908 969 2951 vett.
1024 2902 1285 2964 infactione
1306 2904 1526 2964 sortanae
1567 2904 1634 2955 al.
1686 2905 1739 2954 in
1770 2905 2059 2965 consectione
2075 2908 2293 2968 fortnnoe
2325 2906 2471 2970 conj„
2494 2908 2663 2958 Livin-

463 2963 1617 3085 ss'm‘ffi‘ffi{⁰3²‘1's'f00'f1'm132353‘22‘2'5‘333’
1640 2969 2015 3100 3333th
2037 2971 2668 3089 ’ξ’ἓῗὲἔὲῗῖἱέἑῗῧῖιὲῗ·

468 3097 500 3141 7
532 3096 689 3158 AEque
708 3096 858 3159 ipsam
889 3099 1022 3160 conj.
1048 3096 1214 3148 Livin.
1267 3104 1365 3147 tam
1388 3070 1615 3149 ‹ti-leuno
1636 3100 1757 3151 edd.
1780 3109 1902 3151 ante
1924 3102 2105 3153 Arntz.
2150 3073 2422 3154 tam’deest
2444 3104 2496 3151 in
2520 3102 2664 3154 Gud.

470 3161 521 3207 1.
541 3162 592 3207 2.
614 3169 669 3209 et
693 3161 813 3211 Vet.
851 3163 1076 3213 Putean.
1129 3162 1380 3215 victoriam
1411 3180 1452 3215 ε.
1487 3180 1534 3214 r.
1566 3181 1611 3216 ε.
1644 3172 1852 3216 vestram
1886 3166 2005 3218 edd.
2028 3174 2147 3217 ante
2168 3168 2365 3231 Jaeger.
2415 3168 2664 3217 victoriam

466 3229 673 3335 rati-am
707 3241 750 3275 s.
785 3242 830 3275 r.
856 3228 1055 3278 sensim
1086 3229 1210 3280 Vet.
1245 3229 1469 3280 Putean.
1505 3230 1646 3281 Gnd.
1684 3235 1736 3282 2.
1764 3242 1819 3282 et
1852 3232 2026 3283 Μαι-Ι.
2091 3234 2200 3284 Pro
2232 3232 2308 3282 wi
2329 3233 2498 3283 Livin.
2520 3235 2662 3297 conj.

492 3302 560 3336 m.

535 3353 670 3401 cu».
714 3367 835 3403 xrx.
869 3360 895 3404 1
935 3357 1056 3406 Vet.
1094 3358 1266 3407 Livin.
1301 3360 1555 3423 adoptatus
1588 3360 1717 3410 olim.
1782 3361 1930 3422 Mox,
1963 3359 2259 3424 conjunctio
2289 3377 2395 3411 cnm
2426 3359 2578 3412 deest
2610 3362 2665 3412 in

468 3416 696 3481 Guelph.
748 3420 807 3467 de
821 3422 932 3468 coela
955 3422 1132 3471 Moeri.
1184 3429 1237 3471 ut
1264 3425 1411 3475 abest
1435 3427 1485 3474 in
1519 3426 1662 3476 Gud.
1680 3430 1731 3476 2.
1779 3440 1949 3475 numen
1968 3427 2233 3477 adduxerat
2256 3425 2306 3475 in
2339 3428 2521 3477 eodem
2544 3426 2663 3478 cod.

466 3490 697 3539 verentes,
723 3498 816 3547 pro
840 3493 1131 3543 venerantes,
1153 3487 1331 3539 Moerl.
1381 3505 1566 3542 sensere
1585 3491 1856 3555 corporibus
1881 3491 2044 3542 Livin.
2072 3492 2136 3542 P.
2168 3492 2352 3557 Steph.
2376 3499 2430 3542 et
2448 3494 2514 3542 al.
2533 3503 2666 3544 vett.

466 3548 644 3597 sentire
665 3567 707 3599 c.
732 3550 852 3600 Vet.
892 3552 1107 3614 Cnspin.
1145 3552 1478 3605 Rhemum—2
1514 3556 1705 3606 Omnia
1740 3572 1770 3605 a
1803 3559 2079 3622 tandemque
2102 3571 2262 3622 usque
2286 3557 2349 3607 ad
2371 3564 2547 3623 pra-ter
2572 3558 2663 3608 de·

468 3615 662 3662 suntin
690 3615 1009 3678 Ouelpa—3
1047 3625 1061 3647 ‘
1080 3617 1347 3683 Siquidem]
1388 3620 1522 3669 Haee
1561 3636 1663 3670 vox
1698 3622 1953 3671 omittitur
1987 3622 2040 3671 in
2070 3622 2187 3672 cod.
2211 3624 2387 3673 Moerl.
2410 3632 2462 3672 et
2488 3632 2667 3688 potest

469 3692 594 3728 sane
619 3680 840 3729 abesse)
870 3683 1052 3745 Joeger.
1119 3683 1292 3733 Μαι-1.
1331 3692 1385 3735 et
1423 3685 1564 3736 Gud.
1599 3691 1654 3735 2.·
1675 3689 1935 3738 clementia*
1957 3693 2067 3737 tuoe.
2122 3688 2259 3737 Gud.
2280 3689 2550 3749 2.sormam
2572 3704 2666 3754 pro

457 3743 662 3802 famam.
722 3748 845 3798 Vet.
881 3748 1082 3799 Bertin.
1121 3756 1175 3798 et
1208 3749 1328 3800 edd·
1363 3750 1520 3802 Grut.
1555 3752 1729 3803 Paris.
1760 3753 1994 3806 Patarol.
2016 3761 2075 3804 et
2095 3754 2285 3806 cellar.
2312 3754 2628 3806 celebrabatur
2640 3770 2664 3814 ,-

1457 3857 1675 3933 Nora:

469 3965 773 4024 conjectione.
842 3966 964 4018 Vid.
990 3968 1186 4033 paneg,
1206 3984 1292 4020 ιιι.
1318 3974 1399 4021 16.
1609 3985 1704 4020 nos
1728 3973 2024 4025 Britannias
2054 3982 2354 4039 occuparat.
2417 3973 2538 4024 vid.
2560 3975 2665 4025 Eu·

532 4040 557 4075 ¹²
593 4042 893 4106 Triumphus]
929 4045 1232 4096 Constantio
1275 4054 1391 4110 post
1423 4062 1526 4097 eae-
1597 4054 1748 4112 trop.
1787 4052 1924 4101 Nam
1950 4053 2225 4102 carausius
2250 4059 2468 4117 septem,
2494 4052 2668 4102 Allec-

419 4130 423 4133 ·
467 4132 578 4167 enm
603 4120 861 4184 Allectum
886 4121 1182 4171 Britannias
1205 4123 1525 4188 ingredienti
1609 4128 1691 4173 tua
1713 4140 1837 4177 vero
1860 4138 1967 4179 tres
1997 4143 2160 4179 annos
2176 4130 2499 4195 tyrannidem
2514 4144 2670 4182 oecu-

468 4196 688 4259 populus
713 4194 917 4246 obviam
940 4193 1186 4248 occurrit.
1605 4209 1778 4266 parat.

533 4273 548 4307 1
579 4273 700 4323 Post
720 4278 791 4324 tot
812 4275 1064 4340 annomm]
1089 4276 1218 4327 Post
1238 4276 1418 4329 decem
1434 4292 1522 4329 an-
