<?xml version="1.0" encoding="UTF-8"?>
<!DOCTYPE html PUBLIC "-//W3C//DTD XHTML 1.0 Transitional//EN"
    "http://www.w3.org/TR/xhtml1/DTD/xhtml1-transitional.dtd">
<html xmlns="http://www.w3.org/1999/xhtml" xml:lang="en" lang="en">
 <head>
  <title>
</title>
<meta http-equiv="Content-Type" content="text/html;charset=utf-8" />
  <meta name='ocr-system' content='tesseract 3.04.00' />
  <meta name='ocr-capabilities' content='ocr_page ocr_carea ocr_par ocr_line ocrx_word'/>
</head>
<body>
  <div class='ocr_page' id='page_1' title='image "./panegyriciveter05baungoog_0551.png"; bbox 0 0 3084 4959; ppageno 0'>
   <div class='ocr_carea' id='block_1_1' title="bbox 929 380 2493 473">
    <p class='ocr_par' dir='ltr' id='par_1_1' title="bbox 929 380 2493 473">
     <span class='ocr_line' id='line_1_1' title="bbox 929 380 2493 473; baseline -0.002 -2"><span class='ocrx_word' id='word_1_1' title='bbox 929 415 1494 473; x_wconf 55' lang='lat' dir='ltr'><strong>efficeremus,</strong></span> <span class='ocrx_word' id='word_1_2' title='bbox 1573 415 1716 470; x_wconf 69' lang='grc' dir='ltr'><strong>κη.</strong></span> <span class='ocrx_word' id='word_1_3' title='bbox 1760 380 1870 471; x_wconf 76' lang='grc'><strong>46.</strong></span> <span class='ocrx_word' id='word_1_4' title='bbox 2319 399 2493 470; x_wconf 79' lang='grc'>1619</span> 
     </span>
    </p>
   </div>
   <div class='ocr_carea' id='block_1_2' title="bbox 293 566 2501 1889">
    <p class='ocr_par' dir='ltr' id='par_1_2' title="bbox 295 566 2496 755">
     <span class='ocr_line' id='line_1_2' title="bbox 298 566 2496 658; baseline -0.003 -20"><span class='ocrx_word' id='word_1_5' title='bbox 298 571 672 658; x_wconf 75' lang='lat' dir='ltr'><strong>spectabas</strong></span> <span class='ocrx_word' id='word_1_6' title='bbox 722 569 871 634; x_wconf 81' lang='lat' dir='ltr'><strong>haec</strong></span> <span class='ocrx_word' id='word_1_7' title='bbox 919 589 964 636; x_wconf 83' lang='lat' dir='ltr'><strong>a</strong></span> <span class='ocrx_word' id='word_1_8' title='bbox 1013 569 1149 633; x_wconf 84' lang='lat' dir='ltr'><strong>tuis</strong></span> <span class='ocrx_word' id='word_1_9' title='bbox 1200 567 1516 646; x_wconf 79' lang='lat' dir='ltr'><strong>collibus,</strong></span> <span class='ocrx_word' id='word_1_10' title='bbox 1558 566 1804 645; x_wconf 80' lang='lat' dir='ltr'><strong>Roma,</strong></span> <span class='ocrx_word' id='word_1_11' title='bbox 1845 574 1915 631; x_wconf 89' lang='lat' dir='ltr'><strong>et</strong></span> <span class='ocrx_word' id='word_1_12' title='bbox 1965 572 2246 651; x_wconf 83' lang='lat' dir='ltr'><strong>septena</strong></span> <span class='ocrx_word' id='word_1_13' title='bbox 2298 574 2496 632; x_wconf 72' lang='lat' dir='ltr'><strong>arce·¹</strong></span> 
     </span>
     <span class='ocr_line' id='line_1_3' title="bbox 295 671 2493 755; baseline -0.005 -14"><span class='ocrx_word' id='word_1_14' title='bbox 295 673 624 755; x_wconf 80' lang='lat' dir='ltr'><strong>sublimis,</strong></span> <span class='ocrx_word' id='word_1_15' title='bbox 656 674 901 740; x_wconf 83' lang='lat' dir='ltr'><strong>celsior</strong></span> <span class='ocrx_word' id='word_1_16' title='bbox 924 672 1169 755; x_wconf 84' lang='lat' dir='ltr'><strong>gaudio</strong></span> <span class='ocrx_word' id='word_1_17' title='bbox 1196 671 1539 737; x_wconf 84' lang='lat' dir='ltr'><strong>ferebaris.</strong></span> <span class='ocrx_word' id='word_1_18' title='bbox 2486 685 2493 690; x_wconf 73' lang='grc'><strong><em>’</em></strong></span> 
     </span>
    </p>

    <p class='ocr_par' dir='ltr' id='par_1_3' title="bbox 293 769 2501 1889">
     <span class='ocr_line' id='line_1_4' title="bbox 380 769 2499 859; baseline -0.002 -16"><span class='ocrx_word' id='word_1_19' title='bbox 380 777 560 843; x_wconf 74' lang='lat' dir='ltr'><strong>CAP.</strong></span> <span class='ocrx_word' id='word_1_20' title='bbox 594 791 813 842; x_wconf 69' lang='lat' dir='ltr'><strong>xnvt.</strong></span> <span class='ocrx_word' id='word_1_21' title='bbox 899 775 967 840; x_wconf 89' lang='lat'><strong>1.</strong></span> <span class='ocrx_word' id='word_1_22' title='bbox 1011 774 1142 854; x_wconf 89' lang='lat' dir='ltr'><strong>Tu,</strong></span> <span class='ocrx_word' id='word_1_23' title='bbox 1179 794 1332 859; x_wconf 84' lang='lat' dir='ltr'><strong>quae</strong></span> <span class='ocrx_word' id='word_1_24' title='bbox 1382 780 1663 858; x_wconf 86' lang='lat' dir='ltr'><strong>experta</strong></span> <span class='ocrx_word' id='word_1_25' title='bbox 1703 769 2047 837; x_wconf 88' lang='lat' dir='ltr'><strong>Cinnanos</strong></span> <span class='ocrx_word' id='word_1_26' title='bbox 2078 770 2382 852; x_wconf 84' lang='lat' dir='ltr'><strong>furores,·</strong></span> <span class='ocrx_word' id='word_1_27' title='bbox 2432 779 2499 839; x_wconf 88' lang='lat' dir='ltr'><strong>et</strong></span> 
     </span>
     <span class='ocr_line' id='line_1_5' title="bbox 297 871 2495 965; baseline -0.001 -19"><span class='ocrx_word' id='word_1_28' title='bbox 297 880 588 946; x_wconf 81' lang='lat' dir='ltr'><strong>Marium</strong></span> <span class='ocrx_word' id='word_1_29' title='bbox 620 883 784 965; x_wconf 88' lang='lat' dir='ltr'><strong>post</strong></span> <span class='ocrx_word' id='word_1_30' title='bbox 812 879 1019 945; x_wconf 83' lang='lat' dir='ltr'><strong>exilia</strong></span> <span class='ocrx_word' id='word_1_31' title='bbox 1048 878 1400 956; x_wconf 82' lang='lat' dir='ltr'><strong>crudelem,</strong></span> <span class='ocrx_word' id='word_1_32' title='bbox 1444 884 1513 941; x_wconf 90' lang='lat' dir='ltr'><strong>et</strong></span> <span class='ocrx_word' id='word_1_33' title='bbox 1552 873 1804 960; x_wconf 83' lang='lat' dir='ltr'><strong>Syllam</strong></span> <span class='ocrx_word' id='word_1_34' title='bbox 1838 883 1958 940; x_wconf 82' lang='lat' dir='ltr'><strong>tua</strong></span> <span class='ocrx_word' id='word_1_35' title='bbox 1984 871 2179 941; x_wconf 85' lang='lat' dir='ltr'><strong>clade</strong></span> <span class='ocrx_word' id='word_1_36' title='bbox 2207 877 2495 955; x_wconf 73' lang='lat' dir='ltr'><strong>felicem,</strong></span> 
     </span>
     <span class='ocr_line' id='line_1_6' title="bbox 298 978 2496 1061; baseline -0.001 -11"><span class='ocrx_word' id='word_1_37' title='bbox 298 989 366 1050; x_wconf 86' lang='lat' dir='ltr'><strong>ct</strong></span> <span class='ocrx_word' id='word_1_38' title='bbox 412 983 755 1049; x_wconf 83' lang='lat' dir='ltr'><strong>Caesarem</strong></span> <span class='ocrx_word' id='word_1_39' title='bbox 812 983 882 1047; x_wconf 91' lang='lat' dir='ltr'><strong>in</strong></span> <span class='ocrx_word' id='word_1_40' title='bbox 939 988 1241 1046; x_wconf 88' lang='lat' dir='ltr'><strong>mortuos</strong></span> <span class='ocrx_word' id='word_1_41' title='bbox 1296 979 1813 1061; x_wconf 82' lang='lat' dir='ltr'><strong>misericordem,</strong></span> <span class='ocrx_word' id='word_1_42' title='bbox 1871 978 1959 1043; x_wconf 81' lang='lat' dir='ltr'><strong>ad</strong></span> <span class='ocrx_word' id='word_1_43' title='bbox 2019 998 2213 1044; x_wconf 90' lang='lat' dir='ltr'><strong>omne</strong></span> <span class='ocrx_word' id='word_1_44' title='bbox 2271 982 2496 1046; x_wconf 83' lang='lat' dir='ltr'><strong>civilis</strong></span> 
     </span>
     <span class='ocr_line' id='line_1_7' title="bbox 296 1081 2495 1165; baseline -0 -14"><span class='ocrx_word' id='word_1_45' title='bbox 296 1093 524 1151; x_wconf 82' lang='lat' dir='ltr'><strong>motus</strong></span> <span class='ocrx_word' id='word_1_46' title='bbox 555 1081 922 1151; x_wconf 83' lang='lat' dir='ltr'><strong>classicum</strong></span> <span class='ocrx_word' id='word_1_47' title='bbox 953 1084 1435 1164; x_wconf 80' lang='lat' dir='ltr'><strong>tremiscebas3</strong></span> <span class='ocrx_word' id='word_1_48' title='bbox 1478 1082 1543 1147; x_wconf 79' lang='lat'><strong>2.</strong></span> <span class='ocrx_word' id='word_1_49' title='bbox 1576 1100 1729 1165; x_wconf 83' lang='lat' dir='ltr'><strong>quae</strong></span> <span class='ocrx_word' id='word_1_50' title='bbox 1769 1087 2016 1164; x_wconf 84' lang='lat' dir='ltr'><strong>praeter</strong></span> <span class='ocrx_word' id='word_1_51' title='bbox 2052 1091 2342 1165; x_wconf 82' lang='lat' dir='ltr'><strong>stragem</strong></span> <span class='ocrx_word' id='word_1_52' title='bbox 2373 1086 2495 1150; x_wconf 87' lang='lat' dir='ltr'><strong>mi-</strong></span> 
     </span>
     <span class='ocr_line' id='line_1_8' title="bbox 293 1182 2497 1273; baseline -0.001 -19"><span class='ocrx_word' id='word_1_53' title='bbox 293 1190 512 1270; x_wconf 87' lang='lat' dir='ltr'><strong>litum,</strong></span> <span class='ocrx_word' id='word_1_54' title='bbox 538 1196 822 1273; x_wconf 83' lang='lat' dir='ltr'><strong>utraque</strong></span> <span class='ocrx_word' id='word_1_55' title='bbox 851 1188 976 1253; x_wconf 83' lang='lat' dir='ltr'><strong>tibi</strong></span> <span class='ocrx_word' id='word_1_56' title='bbox 1008 1191 1197 1271; x_wconf 82' lang='lat' dir='ltr'><strong>parte</strong></span> <span class='ocrx_word' id='word_1_57' title='bbox 1226 1185 1662 1270; x_wconf 87' lang='lat' dir='ltr'><strong>pereuntium,</strong></span> <span class='ocrx_word' id='word_1_58' title='bbox 1690 1184 1991 1250; x_wconf 78' lang='lat' dir='ltr'><strong>extincta</strong></span> <span class='ocrx_word' id='word_1_59' title='bbox 2012 1182 2194 1249; x_wconf 90' lang='lat' dir='ltr'><strong>domi</strong></span> <span class='ocrx_word' id='word_1_60' title='bbox 2223 1192 2497 1252; x_wconf 85' lang='lat' dir='ltr'><strong>senatus</strong></span> 
     </span>
     <span class='ocr_line' id='line_1_9' title="bbox 295 1286 2499 1374; baseline -0 -18"><span class='ocrx_word' id='word_1_61' title='bbox 295 1293 396 1357; x_wconf 83' lang='lat' dir='ltr'><strong>tui</strong></span> <span class='ocrx_word' id='word_1_62' title='bbox 421 1293 701 1368; x_wconf 85' lang='lat' dir='ltr'><strong>lumina,</strong></span> <span class='ocrx_word' id='word_1_63' title='bbox 734 1289 979 1355; x_wconf 81' lang='lat' dir='ltr'><strong>suffixa</strong></span> <span class='ocrx_word' id='word_1_64' title='bbox 1008 1290 1149 1374; x_wconf 87' lang='lat' dir='ltr'><strong>pilo</strong></span> <span class='ocrx_word' id='word_1_65' title='bbox 1182 1290 1542 1354; x_wconf 87' lang='lat' dir='ltr'><strong>consulum</strong></span> <span class='ocrx_word' id='word_1_66' title='bbox 1575 1289 1825 1372; x_wconf 85' lang='lat' dir='ltr'><strong>capita,</strong></span> <span class='ocrx_word' id='word_1_67' title='bbox 1858 1287 2152 1353; x_wconf 81' lang='lat' dir='ltr'><strong>Catones</strong></span> <span class='ocrx_word' id='word_1_68' title='bbox 2172 1286 2200 1327; x_wconf 55' lang='grc' dir='ltr'>ὓ</span> <span class='ocrx_word' id='word_1_69' title='bbox 2227 1289 2296 1354; x_wconf 89' lang='lat' dir='ltr'><strong>in</strong></span> <span class='ocrx_word' id='word_1_70' title='bbox 2324 1309 2499 1355; x_wconf 89' lang='lat' dir='ltr'><strong>mor-</strong></span> 
     </span>
     <span class='ocr_line' id='line_1_10' title="bbox 298 1390 2500 1476; baseline -0 -16"><span class='ocrx_word' id='word_1_71' title='bbox 298 1401 431 1460; x_wconf 87' lang='lat' dir='ltr'><strong>tem</strong></span> <span class='ocrx_word' id='word_1_72' title='bbox 462 1400 764 1472; x_wconf 60' lang='lat' dir='ltr'><strong>coactos»,</strong></span> <span class='ocrx_word' id='word_1_73' title='bbox 804 1399 1211 1476; x_wconf 84' lang='lat' dir='ltr'><strong>truncosque</strong></span> <span class='ocrx_word' id='word_1_74' title='bbox 1240 1390 1656 1469; x_wconf 76' lang='lat' dir='ltr'><strong>Cicerone3,‘³</strong></span> <span class='ocrx_word' id='word_1_75' title='bbox 1698 1399 1764 1456; x_wconf 89' lang='lat' dir='ltr'><strong>et</strong></span> <span class='ocrx_word' id='word_1_76' title='bbox 1797 1390 2170 1475; x_wconf 85' lang='lat' dir='ltr'><strong>Pompeios</strong></span> <span class='ocrx_word' id='word_1_77' title='bbox 2217 1393 2500 1461; x_wconf 83' lang='lat' dir='ltr'><strong>fleveras</strong></span> 
     </span>
     <span class='ocr_line' id='line_1_11' title="bbox 296 1494 2498 1583; baseline 0 -22"><span class='ocrx_word' id='word_1_78' title='bbox 296 1495 671 1581; x_wconf 82' lang='lat' dir='ltr'><strong>insepultos</strong></span> <span class='ocrx_word' id='word_1_79' title='bbox 703 1517 722 1578; x_wconf 91' lang='lat'>;</span> <span class='ocrx_word' id='word_1_80' title='bbox 751 1495 781 1534; x_wconf 80' lang='lat'><strong>&#39;¹</strong></span> <span class='ocrx_word' id='word_1_81' title='bbox 843 1497 910 1562; x_wconf 83' lang='lat'><strong>3.</strong></span> <span class='ocrx_word' id='word_1_82' title='bbox 972 1494 1086 1559; x_wconf 90' lang='lat' dir='ltr'><strong>cui</strong></span> <span class='ocrx_word' id='word_1_83' title='bbox 1145 1494 1389 1559; x_wconf 83' lang='lat' dir='ltr'><strong>damna</strong></span> <span class='ocrx_word' id='word_1_84' title='bbox 1446 1494 1755 1577; x_wconf 83' lang='lat' dir='ltr'><strong>graviora</strong></span> <span class='ocrx_word' id='word_1_85' title='bbox 1816 1495 2082 1560; x_wconf 89' lang='lat' dir='ltr'><strong>scissus</strong></span> <span class='ocrx_word' id='word_1_86' title='bbox 2139 1495 2211 1560; x_wconf 86' lang='lat' dir='ltr'><strong>in</strong></span> <span class='ocrx_word' id='word_1_87' title='bbox 2270 1504 2498 1583; x_wconf 85' lang='lat' dir='ltr'><strong>partes</strong></span> 
     </span>
     <span class='ocr_line' id='line_1_12' title="bbox 297 1596 2500 1684; baseline 0 -20"><span class='ocrx_word' id='word_1_88' title='bbox 297 1600 546 1664; x_wconf 83' lang='lat' dir='ltr'><strong>civium</strong></span> <span class='ocrx_word' id='word_1_89' title='bbox 575 1598 780 1678; x_wconf 83' lang='lat' dir='ltr'><strong>furor,</strong></span> <span class='ocrx_word' id='word_1_90' title='bbox 819 1616 1026 1683; x_wconf 83' lang='lat' dir='ltr'><strong>quam</strong></span> <span class='ocrx_word' id='word_1_91' title='bbox 1054 1598 1273 1681; x_wconf 81' lang='lat' dir='ltr'><strong>portis</strong></span> <span class='ocrx_word' id='word_1_92' title='bbox 1303 1596 1660 1661; x_wconf 75' lang='lat' dir='ltr'>imminens</span> <span class='ocrx_word' id='word_1_93' title='bbox 1689 1596 2000 1677; x_wconf 58' lang='lat' dir='ltr'><strong>Poenus:</strong></span> <span class='ocrx_word' id='word_1_94' title='bbox 2045 1605 2160 1664; x_wconf 82' lang='lat' dir='ltr'><strong>aut</strong></span> <span class='ocrx_word' id='word_1_95' title='bbox 2187 1605 2500 1684; x_wconf 86' lang='lat' dir='ltr'><strong>receptus</strong></span> 
     </span>
     <span class='ocr_line' id='line_1_13' title="bbox 296 1681 2499 1780; baseline 0.001 -15"><span class='ocrx_word' id='word_1_96' title='bbox 296 1703 506 1767; x_wconf 84' lang='lat' dir='ltr'><strong>muris</strong></span> <span class='ocrx_word' id='word_1_97' title='bbox 536 1701 780 1766; x_wconf 84' lang='lat' dir='ltr'><strong>Gallus</strong></span> <span class='ocrx_word' id='word_1_98' title='bbox 803 1697 827 1737; x_wconf 70' lang='lat' dir='ltr'>f</span> <span class='ocrx_word' id='word_1_99' title='bbox 848 1681 1165 1765; x_wconf 76' lang='lat' dir='ltr'><strong>intulerat</strong></span> <span class='ocrx_word' id='word_1_100' title='bbox 1190 1719 1209 1780; x_wconf 87' lang='lat'>;</span> <span class='ocrx_word' id='word_1_101' title='bbox 1255 1699 1365 1763; x_wconf 88' lang='lat' dir='ltr'><strong>cui</strong></span> <span class='ocrx_word' id='word_1_102' title='bbox 1395 1696 1682 1762; x_wconf 83' lang='lat' dir='ltr'><strong>Alliensi</strong></span> <span class='ocrx_word' id='word_1_103' title='bbox 1715 1699 1861 1764; x_wconf 73' lang='lat' dir='ltr'><strong>die⁸</strong></span> <span class='ocrx_word' id='word_1_104' title='bbox 1893 1699 2243 1767; x_wconf 65' lang='lat' dir='ltr'><strong>Emathia*</strong></span> <span class='ocrx_word' id='word_1_105' title='bbox 2273 1702 2499 1768; x_wconf 83' lang='lat' dir='ltr'><strong>funes-</strong></span> 
     </span>
     <span class='ocr_line' id='line_1_14' title="bbox 297 1797 2501 1889; baseline 0.001 -19"><span class='ocrx_word' id='word_1_106' title='bbox 297 1802 447 1884; x_wconf 83' lang='lat' dir='ltr'><strong>tior,</strong></span> <span class='ocrx_word' id='word_1_107' title='bbox 490 1801 779 1870; x_wconf 77' lang='lat' dir='ltr'><strong>Cannisi</strong></span> <span class='ocrx_word' id='word_1_108' title='bbox 817 1802 1088 1870; x_wconf 82' lang='lat' dir='ltr'><strong>Collina</strong></span> <span class='ocrx_word' id='word_1_109' title='bbox 1121 1797 1429 1877; x_wconf 54' lang='lat' dir='ltr'><strong>feraliore·</strong></span> <span class='ocrx_word' id='word_1_110' title='bbox 1479 1808 1619 1865; x_wconf 77' lang='lat' dir='ltr'><strong>tam</strong></span> <span class='ocrx_word' id='word_1_111' title='bbox 1664 1803 1843 1868; x_wconf 87' lang='lat' dir='ltr'><strong>altas</strong></span> <span class='ocrx_word' id='word_1_112' title='bbox 1872 1803 2037 1869; x_wconf 89' lang='lat' dir='ltr'><strong>olim</strong></span> <span class='ocrx_word' id='word_1_113' title='bbox 2085 1805 2501 1889; x_wconf 85' lang='lat' dir='ltr'><strong>reliquerunt</strong></span> 
     </span>
    </p>
   </div>
   <div class='ocr_carea' id='block_1_3' title="bbox 1219 1967 1579 1989">
    <p class='ocr_par' dir='ltr' id='par_1_4' title="bbox 1219 1967 1579 1989">
     <span class='ocr_line' id='line_1_15' title="bbox 1219 1967 1579 1989; baseline 0 -1"><span class='ocrx_word' id='word_1_114' title='bbox 1219 1967 1579 1989; x_wconf 57' lang='lat' dir='ltr'><strong>OOOOOOOOOO</strong></span> 
     </span>
    </p>
   </div>
   <div class='ocr_carea' id='block_1_4' title="bbox 298 2065 2505 2269">
    <p class='ocr_par' dir='ltr' id='par_1_5' title="bbox 298 2065 2505 2269">
     <span class='ocr_line' id='line_1_16' title="bbox 298 2065 2503 2133; baseline 0.004 -18"><span class='ocrx_word' id='word_1_115' title='bbox 298 2068 478 2132; x_wconf 53' lang='lat' dir='ltr'><strong>&amp;ce-7</strong></span> <span class='ocrx_word' id='word_1_116' title='bbox 511 2065 766 2131; x_wconf 68' lang='lat' dir='ltr'><strong>Speciebus</strong></span> <span class='ocrx_word' id='word_1_117' title='bbox 785 2068 886 2118; x_wconf 74' lang='lat' dir='ltr'><strong>hoec</strong></span> <span class='ocrx_word' id='word_1_118' title='bbox 908 2083 933 2129; x_wconf 72' lang='lat' dir='ltr'><strong>e</strong></span> <span class='ocrx_word' id='word_1_119' title='bbox 955 2068 1056 2118; x_wconf 78' lang='lat' dir='ltr'><strong>tuis</strong></span> <span class='ocrx_word' id='word_1_120' title='bbox 1076 2068 1228 2118; x_wconf 84' lang='lat' dir='ltr'><strong>codd.</strong></span> <span class='ocrx_word' id='word_1_121' title='bbox 1259 2068 1485 2133; x_wconf 84' lang='lat' dir='ltr'><strong>Guelph.</strong></span> <span class='ocrx_word' id='word_1_122' title='bbox 1507 2068 1856 2119; x_wconf 77' lang='lat' dir='ltr'><strong>Schwarzian.</strong></span> <span class='ocrx_word' id='word_1_123' title='bbox 1877 2070 2000 2122; x_wconf 86' lang='lat' dir='ltr'><strong>Vet.</strong></span> <span class='ocrx_word' id='word_1_124' title='bbox 2021 2071 2243 2124; x_wconf 77' lang='lat' dir='ltr'><strong>Putean.</strong></span> <span class='ocrx_word' id='word_1_125' title='bbox 2296 2072 2503 2124; x_wconf 73' lang='lat' dir='ltr'><strong>Rom</strong></span> 
     </span>
     <span class='ocr_line' id='line_1_17' title="bbox 300 2131 2059 2196; baseline 0.002 -15"><span class='ocrx_word' id='word_1_126' title='bbox 300 2131 423 2181; x_wconf 91' lang='lat' dir='ltr'><strong>edd.</strong></span> <span class='ocrx_word' id='word_1_127' title='bbox 446 2133 573 2181; x_wconf 82' lang='lat' dir='ltr'><strong>vett.</strong></span> <span class='ocrx_word' id='word_1_128' title='bbox 628 2133 785 2182; x_wconf 79' lang='lat' dir='ltr'><strong>Roma</strong></span> <span class='ocrx_word' id='word_1_129' title='bbox 808 2135 936 2196; x_wconf 80' lang='lat' dir='ltr'><strong>legit</strong></span> <span class='ocrx_word' id='word_1_130' title='bbox 958 2134 1162 2184; x_wconf 80' lang='lat' dir='ltr'><strong>Acidai.</strong></span> <span class='ocrx_word' id='word_1_131' title='bbox 1214 2149 1245 2183; x_wconf 82' lang='lat' dir='ltr'><em>a</em></span> <span class='ocrx_word' id='word_1_132' title='bbox 1268 2137 1367 2185; x_wconf 76' lang='lat' dir='ltr'><strong>tuis</strong></span> <span class='ocrx_word' id='word_1_133' title='bbox 1385 2135 1581 2184; x_wconf 78' lang='lat' dir='ltr'><strong>collibus</strong></span> <span class='ocrx_word' id='word_1_134' title='bbox 1602 2136 1759 2185; x_wconf 78' lang='lat' dir='ltr'><strong>Romu</strong></span> <span class='ocrx_word' id='word_1_135' title='bbox 1779 2136 2059 2186; x_wconf 78' lang='lat' dir='ltr'><strong>Mem-sius.</strong></span> 
     </span>
     <span class='ocr_line' id='line_1_18' title="bbox 365 2198 2505 2269; baseline 0.002 -20"><span class='ocrx_word' id='word_1_136' title='bbox 365 2198 503 2249; x_wconf 69' lang='lat' dir='ltr'><strong>Cu».</strong></span> <span class='ocrx_word' id='word_1_137' title='bbox 528 2210 692 2249; x_wconf 69' lang='lat' dir='ltr'><strong>xnvr.</strong></span> <span class='ocrx_word' id='word_1_138' title='bbox 744 2204 766 2248; x_wconf 79' lang='grc' dir='ltr'><strong>ι</strong></span> <span class='ocrx_word' id='word_1_139' title='bbox 804 2199 944 2251; x_wconf 66' lang='lat' dir='ltr'><strong>Sallu</strong></span> <span class='ocrx_word' id='word_1_140' title='bbox 979 2206 1018 2251; x_wconf 78' lang='lat' dir='ltr'><strong>t.</strong></span> <span class='ocrx_word' id='word_1_141' title='bbox 1049 2216 1094 2250; x_wconf 80' lang='grc' dir='ltr'><strong>ο.</strong></span> <span class='ocrx_word' id='word_1_142' title='bbox 1128 2200 1331 2251; x_wconf 79' lang='lat' dir='ltr'><strong>Felicem</strong></span> <span class='ocrx_word' id='word_1_143' title='bbox 1360 2202 1541 2252; x_wconf 81' lang='lat' dir='ltr'><strong>scribit</strong></span> <span class='ocrx_word' id='word_1_144' title='bbox 1570 2198 1860 2252; x_wconf 66' lang='lat' dir='ltr'><strong>Senem—4</strong></span> <span class='ocrx_word' id='word_1_145' title='bbox 1894 2201 2123 2266; x_wconf 81' lang='lat' dir='ltr'><strong>Guelpb.</strong></span> <span class='ocrx_word' id='word_1_146' title='bbox 2145 2201 2352 2253; x_wconf 65' lang='lat' dir='ltr'><strong>militum</strong></span> <span class='ocrx_word' id='word_1_147' title='bbox 2369 2217 2505 2269; x_wconf 74' lang='lat' dir='ltr'><strong>pace,</strong></span> 
     </span>
    </p>
   </div>
   <div class='ocr_carea' id='block_1_5' title="bbox 1298 2343 1511 2397">
    <p class='ocr_par' dir='ltr' id='par_1_6' title="bbox 1298 2343 1511 2397">
     <span class='ocr_line' id='line_1_19' title="bbox 1298 2343 1511 2397; baseline -0.014 0"><span class='ocrx_word' id='word_1_148' title='bbox 1298 2343 1511 2397; x_wconf 81' lang='lat' dir='ltr'>NOTAE</span> 
     </span>
    </p>
   </div>
   <div class='ocr_carea' id='block_1_6' title="bbox 296 2439 1367 4127">
    <p class='ocr_par' dir='ltr' id='par_1_7' title="bbox 297 2439 1363 2652">
     <span class='ocr_line' id='line_1_20' title="bbox 351 2439 1363 2508; baseline 0.001 -15"><span class='ocrx_word' id='word_1_149' title='bbox 351 2439 386 2477; x_wconf 74' lang='lat'><strong>&#39;⁹</strong></span> <span class='ocrx_word' id='word_1_150' title='bbox 421 2439 629 2506; x_wconf 71' lang='lat' dir='ltr'><strong>Septem</strong></span> <span class='ocrx_word' id='word_1_151' title='bbox 658 2441 792 2506; x_wconf 79' lang='lat' dir='ltr'><strong>arce]</strong></span> <span class='ocrx_word' id='word_1_152' title='bbox 835 2443 1088 2508; x_wconf 71' lang='lat' dir='ltr'><strong>Virgilius</strong></span> <span class='ocrx_word' id='word_1_153' title='bbox 1129 2444 1248 2495; x_wconf 84' lang='lat' dir='ltr'><strong>AEn.</strong></span> <span class='ocrx_word' id='word_1_154' title='bbox 1281 2458 1363 2494; x_wconf 80' lang='lat' dir='ltr'><strong>vr.</strong></span> 
     </span>
     <span class='ocr_line' id='line_1_21' title="bbox 297 2520 1362 2587; baseline -0.001 -15"><span class='ocrx_word' id='word_1_155' title='bbox 297 2524 415 2572; x_wconf 73' lang='lat'>⁸183.</span> <span class='ocrx_word' id='word_1_156' title='bbox 445 2521 517 2571; x_wconf 87' lang='lat' dir='ltr'><strong>de</strong></span> <span class='ocrx_word' id='word_1_157' title='bbox 547 2520 674 2571; x_wconf 85' lang='lat' dir='ltr'><strong>urbe</strong></span> <span class='ocrx_word' id='word_1_158' title='bbox 707 2521 967 2572; x_wconf 73' lang='lat' dir='ltr'><strong>Romana:</strong></span> <span class='ocrx_word' id='word_1_159' title='bbox 1003 2525 1020 2552; x_wconf 77' lang='lat'>⁸</span> <span class='ocrx_word' id='word_1_160' title='bbox 1043 2523 1362 2587; x_wconf 76' lang='lat' dir='ltr'>septemque</span> 
     </span>
     <span class='ocr_line' id='line_1_22' title="bbox 299 2599 1269 2652; baseline 0 -1"><span class='ocrx_word' id='word_1_161' title='bbox 299 2615 404 2651; x_wconf 77' lang='lat' dir='ltr'><strong>una</strong></span> <span class='ocrx_word' id='word_1_162' title='bbox 419 2599 517 2650; x_wconf 85' lang='lat' dir='ltr'><strong>sibi</strong></span> <span class='ocrx_word' id='word_1_163' title='bbox 541 2615 690 2650; x_wconf 86' lang='lat' dir='ltr'><strong>muro</strong></span> <span class='ocrx_word' id='word_1_164' title='bbox 710 2599 1058 2651; x_wconf 77' lang='lat' dir='ltr'><strong>circumdabit</strong></span> <span class='ocrx_word' id='word_1_165' title='bbox 1081 2601 1269 2652; x_wconf 63' lang='lat' dir='ltr'><strong>arces!</strong></span> 
     </span>
    </p>

    <p class='ocr_par' dir='ltr' id='par_1_8' title="bbox 297 2675 1363 2895">
     <span class='ocr_line' id='line_1_23' title="bbox 362 2675 1361 2743; baseline 0.005 -19"><span class='ocrx_word' id='word_1_166' title='bbox 362 2683 388 2711; x_wconf 77' lang='lat'>⁸</span> <span class='ocrx_word' id='word_1_167' title='bbox 424 2676 666 2726; x_wconf 69' lang='lat' dir='ltr'><strong>Cinnanae</strong></span> <span class='ocrx_word' id='word_1_168' title='bbox 679 2675 897 2743; x_wconf 76' lang='lat' dir='ltr'><strong>furores]</strong></span> <span class='ocrx_word' id='word_1_169' title='bbox 931 2680 1012 2729; x_wconf 89' lang='lat' dir='ltr'><strong>De</strong></span> <span class='ocrx_word' id='word_1_170' title='bbox 1050 2679 1216 2730; x_wconf 79' lang='lat' dir='ltr'><strong>Cinna</strong></span> <span class='ocrx_word' id='word_1_171' title='bbox 1262 2680 1361 2729; x_wconf 85' lang='lat' dir='ltr'><strong>Pa-</strong></span> 
     </span>
     <span class='ocr_line' id='line_1_24' title="bbox 297 2753 1363 2820; baseline 0.004 -18"><span class='ocrx_word' id='word_1_172' title='bbox 297 2765 423 2817; x_wconf 76' lang='lat' dir='ltr'><strong>neg.</strong></span> <span class='ocrx_word' id='word_1_173' title='bbox 464 2765 547 2803; x_wconf 81' lang='lat' dir='ltr'><strong>rx.</strong></span> <span class='ocrx_word' id='word_1_174' title='bbox 582 2756 666 2802; x_wconf 84' lang='lat'><strong>20.</strong></span> <span class='ocrx_word' id='word_1_175' title='bbox 733 2755 814 2803; x_wconf 86' lang='lat' dir='ltr'><strong>De</strong></span> <span class='ocrx_word' id='word_1_176' title='bbox 845 2753 1017 2804; x_wconf 82' lang='lat' dir='ltr'><strong>Mario</strong></span> <span class='ocrx_word' id='word_1_177' title='bbox 1050 2754 1247 2820; x_wconf 81' lang='lat' dir='ltr'><strong>Paneg.</strong></span> <span class='ocrx_word' id='word_1_178' title='bbox 1283 2769 1363 2806; x_wconf 78' lang='lat' dir='ltr'><strong>vr.</strong></span> 
     </span>
     <span class='ocr_line' id='line_1_25' title="bbox 303 2831 1147 2895; baseline 0.001 -14"><span class='ocrx_word' id='word_1_179' title='bbox 303 2833 386 2882; x_wconf 72' lang='lat'><strong>12.</strong></span> <span class='ocrx_word' id='word_1_180' title='bbox 452 2831 539 2880; x_wconf 90' lang='lat' dir='ltr'><strong>De</strong></span> <span class='ocrx_word' id='word_1_181' title='bbox 559 2831 708 2895; x_wconf 74' lang='lat' dir='ltr'><strong>Sylla</strong></span> <span class='ocrx_word' id='word_1_182' title='bbox 731 2831 934 2894; x_wconf 71' lang='lat' dir='ltr'><strong>Paneg.</strong></span> <span class='ocrx_word' id='word_1_183' title='bbox 959 2844 1042 2882; x_wconf 76' lang='lat' dir='ltr'><strong>tx.</strong></span> <span class='ocrx_word' id='word_1_184' title='bbox 1063 2837 1147 2882; x_wconf 70' lang='lat'><strong>20.</strong></span> 
     </span>
    </p>

    <p class='ocr_par' dir='ltr' id='par_1_9' title="bbox 299 2905 1367 3353">
     <span class='ocr_line' id='line_1_26' title="bbox 364 2905 1360 2971; baseline 0.003 -15"><span class='ocrx_word' id='word_1_185' title='bbox 364 2905 391 2941; x_wconf 60' lang='grc' dir='ltr'>ὕ</span> <span class='ocrx_word' id='word_1_186' title='bbox 426 2907 653 2971; x_wconf 75' lang='lat' dir='ltr'><strong>Catones]</strong></span> <span class='ocrx_word' id='word_1_187' title='bbox 688 2908 939 2958; x_wconf 86' lang='lat' dir='ltr'><strong>Catonem</strong></span> <span class='ocrx_word' id='word_1_188' title='bbox 964 2907 1132 2958; x_wconf 81' lang='lat' dir='ltr'><strong>innuit</strong></span> <span class='ocrx_word' id='word_1_189' title='bbox 1163 2908 1360 2959; x_wconf 89' lang='lat' dir='ltr'><strong>dictum</strong></span> 
     </span>
     <span class='ocr_line' id='line_1_27' title="bbox 299 2983 1362 3049; baseline 0.003 -16"><span class='ocrx_word' id='word_1_190' title='bbox 299 2983 626 3041; x_wconf 71' lang='lat' dir='ltr'><strong>Uticensem,</strong></span> <span class='ocrx_word' id='word_1_191' title='bbox 643 2983 779 3048; x_wconf 86' lang='lat' dir='ltr'><strong>quod</strong></span> <span class='ocrx_word' id='word_1_192' title='bbox 805 2984 1061 3049; x_wconf 88' lang='lat' dir='ltr'><strong>Pompeio</strong></span> <span class='ocrx_word' id='word_1_193' title='bbox 1085 2987 1225 3036; x_wconf 85' lang='lat' dir='ltr'><strong>victo</strong></span> <span class='ocrx_word' id='word_1_194' title='bbox 1249 2985 1362 3036; x_wconf 88' lang='lat' dir='ltr'><strong>Uti-</strong></span> 
     </span>
     <span class='ocr_line' id='line_1_28' title="bbox 299 3060 1363 3127; baseline 0.003 -16"><span class='ocrx_word' id='word_1_195' title='bbox 299 3075 381 3111; x_wconf 62' lang='lat' dir='ltr'><strong>ca</strong></span> <span class='ocrx_word' id='word_1_196' title='bbox 405 3060 505 3111; x_wconf 80' lang='lat' dir='ltr'><strong>sibi</strong></span> <span class='ocrx_word' id='word_1_197' title='bbox 524 3076 705 3110; x_wconf 81' lang='lat' dir='ltr'><strong>manus</strong></span> <span class='ocrx_word' id='word_1_198' title='bbox 730 3061 982 3112; x_wconf 69' lang='lat' dir='ltr'><strong>violentas</strong></span> <span class='ocrx_word' id='word_1_199' title='bbox 1015 3065 1272 3127; x_wconf 78' lang='lat' dir='ltr'><strong>attulerit,</strong></span> <span class='ocrx_word' id='word_1_200' title='bbox 1294 3078 1363 3114; x_wconf 86' lang='lat' dir='ltr'><strong>ne</strong></span> 
     </span>
     <span class='ocr_line' id='line_1_29' title="bbox 300 3138 1363 3191; baseline 0.004 -4"><span class='ocrx_word' id='word_1_201' title='bbox 300 3139 512 3188; x_wconf 84' lang='lat' dir='ltr'><strong>victoris</strong></span> <span class='ocrx_word' id='word_1_202' title='bbox 553 3138 771 3188; x_wconf 76' lang='lat' dir='ltr'><strong>Caesaris</strong></span> <span class='ocrx_word' id='word_1_203' title='bbox 807 3140 1003 3189; x_wconf 80' lang='lat' dir='ltr'><strong>vultum</strong></span> <span class='ocrx_word' id='word_1_204' title='bbox 1045 3142 1239 3191; x_wconf 87' lang='lat' dir='ltr'><strong>intueri</strong></span> <span class='ocrx_word' id='word_1_205' title='bbox 1273 3157 1363 3191; x_wconf 91' lang='lat' dir='ltr'><strong>ne-</strong></span> 
     </span>
     <span class='ocr_line' id='line_1_30' title="bbox 299 3215 1367 3284; baseline 0.004 -20"><span class='ocrx_word' id='word_1_206' title='bbox 299 3225 446 3265; x_wconf 78' lang='lat' dir='ltr'><strong>cesse</strong></span> <span class='ocrx_word' id='word_1_207' title='bbox 499 3215 738 3266; x_wconf 82' lang='lat' dir='ltr'><strong>haberet.</strong></span> <span class='ocrx_word' id='word_1_208' title='bbox 822 3217 988 3268; x_wconf 87' lang='lat' dir='ltr'><strong>Plura</strong></span> <span class='ocrx_word' id='word_1_209' title='bbox 1040 3217 1156 3267; x_wconf 84' lang='lat' dir='ltr'><strong>vide</strong></span> <span class='ocrx_word' id='word_1_210' title='bbox 1209 3234 1367 3284; x_wconf 86' lang='lat' dir='ltr'><strong>supra</strong></span> 
     </span>
     <span class='ocr_line' id='line_1_31' title="bbox 300 3291 702 3353; baseline 0 -11"><span class='ocrx_word' id='word_1_211' title='bbox 300 3291 508 3353; x_wconf 70' lang='lat' dir='ltr'><strong>Paneg.</strong></span> <span class='ocrx_word' id='word_1_212' title='bbox 533 3306 597 3342; x_wconf 84' lang='grc' dir='ltr'><strong>ιι.</strong></span> <span class='ocrx_word' id='word_1_213' title='bbox 622 3295 702 3342; x_wconf 81' lang='grc'><strong>14.</strong></span> 
     </span>
    </p>

    <p class='ocr_par' dir='ltr' id='par_1_10' title="bbox 301 3369 1364 3647">
     <span class='ocr_line' id='line_1_32' title="bbox 367 3369 1364 3435; baseline 0.005 -17"><span class='ocrx_word' id='word_1_214' title='bbox 367 3375 391 3402; x_wconf 73' lang='lat'>⁶</span> <span class='ocrx_word' id='word_1_215' title='bbox 428 3370 637 3419; x_wconf 73' lang='lat' dir='ltr'><strong>Truncos</strong></span> <span class='ocrx_word' id='word_1_216' title='bbox 680 3369 955 3435; x_wconf 75' lang='lat' dir='ltr'><strong>Cicerones]</strong></span> <span class='ocrx_word' id='word_1_217' title='bbox 1000 3370 1268 3434; x_wconf 80' lang='lat' dir='ltr'><strong>Augustus</strong></span> <span class='ocrx_word' id='word_1_218' title='bbox 1306 3378 1364 3423; x_wconf 89' lang='lat' dir='ltr'><strong>et</strong></span> 
     </span>
     <span class='ocr_line' id='line_1_33' title="bbox 301 3443 1364 3509; baseline 0.006 -16"><span class='ocrx_word' id='word_1_219' title='bbox 301 3443 563 3494; x_wconf 86' lang='lat' dir='ltr'><strong>Antonius</strong></span> <span class='ocrx_word' id='word_1_220' title='bbox 597 3446 908 3509; x_wconf 76' lang='lat' dir='ltr'><strong>gravissimis</strong></span> <span class='ocrx_word' id='word_1_221' title='bbox 948 3447 1080 3498; x_wconf 88' lang='lat' dir='ltr'><strong>odiis</strong></span> <span class='ocrx_word' id='word_1_222' title='bbox 1124 3450 1264 3498; x_wconf 87' lang='lat' dir='ltr'><strong>inter</strong></span> <span class='ocrx_word' id='word_1_223' title='bbox 1306 3463 1364 3499; x_wconf 89' lang='lat' dir='ltr'><strong>se</strong></span> 
     </span>
     <span class='ocr_line' id='line_1_34' title="bbox 302 3524 1361 3586; baseline 0.007 -19"><span class='ocrx_word' id='word_1_224' title='bbox 302 3530 596 3584; x_wconf 81' lang='lat' dir='ltr'><strong>pugnantes</strong></span> <span class='ocrx_word' id='word_1_225' title='bbox 655 3531 813 3586; x_wconf 79' lang='lat' dir='ltr'><strong>pacta</strong></span> <span class='ocrx_word' id='word_1_226' title='bbox 880 3524 1141 3575; x_wconf 73' lang='lat' dir='ltr'><strong>Ciceronis</strong></span> <span class='ocrx_word' id='word_1_227' title='bbox 1194 3532 1361 3576; x_wconf 87' lang='lat' dir='ltr'><strong>morte</strong></span> 
     </span>
     <span class='ocr_line' id='line_1_35' title="bbox 302 3596 727 3647; baseline 0 0"><span class='ocrx_word' id='word_1_228' title='bbox 302 3596 567 3647; x_wconf 81' lang='lat' dir='ltr'><strong>conciliati</strong></span> <span class='ocrx_word' id='word_1_229' title='bbox 592 3604 727 3647; x_wconf 86' lang='lat' dir='ltr'><strong>sunt.</strong></span> 
     </span>
    </p>

    <p class='ocr_par' dir='ltr' id='par_1_11' title="bbox 299 3672 1367 3954">
     <span class='ocr_line' id='line_1_36' title="bbox 366 3672 1366 3743; baseline 0.008 -22"><span class='ocrx_word' id='word_1_230' title='bbox 366 3672 394 3707; x_wconf 60' lang='grc' dir='ltr'><em>ἃ</em></span> <span class='ocrx_word' id='word_1_231' title='bbox 429 3674 680 3737; x_wconf 77' lang='lat' dir='ltr'><strong>Pompeios</strong></span> <span class='ocrx_word' id='word_1_232' title='bbox 700 3675 980 3742; x_wconf 75' lang='lat' dir='ltr'><strong>insepultos]</strong></span> <span class='ocrx_word' id='word_1_233' title='bbox 1012 3678 1140 3728; x_wconf 87' lang='lat' dir='ltr'><strong>Pom</strong></span> <span class='ocrx_word' id='word_1_234' title='bbox 1149 3679 1292 3743; x_wconf 85' lang='lat' dir='ltr'><strong>peius</strong></span> <span class='ocrx_word' id='word_1_235' title='bbox 1313 3693 1366 3728; x_wconf 90' lang='lat' dir='ltr'><strong>e-</strong></span> 
     </span>
     <span class='ocr_line' id='line_1_37' title="bbox 299 3749 1366 3806; baseline 0.006 -6"><span class='ocrx_word' id='word_1_236' title='bbox 299 3749 409 3800; x_wconf 84' lang='lat' dir='ltr'><strong>nim</strong></span> <span class='ocrx_word' id='word_1_237' title='bbox 447 3751 761 3801; x_wconf 82' lang='lat' dir='ltr'><strong>satellitibus</strong></span> <span class='ocrx_word' id='word_1_238' title='bbox 804 3768 836 3801; x_wconf 84' lang='lat' dir='ltr'><strong>a</strong></span> <span class='ocrx_word' id='word_1_239' title='bbox 872 3753 1164 3806; x_wconf 86' lang='lat' dir='ltr'><strong>Ptolemaeo</strong></span> <span class='ocrx_word' id='word_1_240' title='bbox 1200 3756 1366 3806; x_wconf 85' lang='lat' dir='ltr'><strong>missis</strong></span> 
     </span>
     <span class='ocr_line' id='line_1_38' title="bbox 300 3827 1367 3898; baseline 0.007 -24"><span class='ocrx_word' id='word_1_241' title='bbox 300 3833 571 3890; x_wconf 85' lang='lat' dir='ltr'><strong>peremtus</strong></span> <span class='ocrx_word' id='word_1_242' title='bbox 587 3828 639 3877; x_wconf 88' lang='lat' dir='ltr'><strong>in</strong></span> <span class='ocrx_word' id='word_1_243' title='bbox 665 3828 840 3879; x_wconf 87' lang='lat' dir='ltr'><strong>Nilum</strong></span> <span class='ocrx_word' id='word_1_244' title='bbox 866 3827 1079 3881; x_wconf 81' lang='lat' dir='ltr'><strong>fluvium</strong></span> <span class='ocrx_word' id='word_1_245' title='bbox 1101 3834 1367 3898; x_wconf 85' lang='lat' dir='ltr'><strong>projectus</strong></span> 
     </span>
     <span class='ocr_line' id='line_1_39' title="bbox 300 3910 403 3954; baseline -0.039 0"><span class='ocrx_word' id='word_1_246' title='bbox 300 3910 403 3954; x_wconf 78' lang='lat' dir='ltr'><strong>est.</strong></span> 
     </span>
    </p>

    <p class='ocr_par' dir='ltr' id='par_1_12' title="bbox 296 3980 1367 4127">
     <span class='ocr_line' id='line_1_40' title="bbox 368 3980 1367 4049; baseline 0.007 -20"><span class='ocrx_word' id='word_1_247' title='bbox 368 3987 392 4014; x_wconf 72' lang='lat' dir='ltr'><strong>e</strong></span> <span class='ocrx_word' id='word_1_248' title='bbox 424 3980 594 4031; x_wconf 77' lang='lat' dir='ltr'><strong>Portis</strong></span> <span class='ocrx_word' id='word_1_249' title='bbox 614 3980 864 4032; x_wconf 63' lang='lat' dir='ltr'><strong>imiteris</strong></span> <span class='ocrx_word' id='word_1_250' title='bbox 897 3985 1097 4049; x_wconf 69' lang='lat' dir='ltr'><strong>Poenus]</strong></span> <span class='ocrx_word' id='word_1_251' title='bbox 1131 3986 1229 4036; x_wconf 87' lang='lat' dir='ltr'><strong>Cui</strong></span> <span class='ocrx_word' id='word_1_252' title='bbox 1263 4000 1367 4036; x_wconf 89' lang='lat' dir='ltr'><strong>non</strong></span> 
     </span>
     <span class='ocr_line' id='line_1_41' title="bbox 296 4057 1366 4127; baseline 0.005 -19"><span class='ocrx_word' id='word_1_253' title='bbox 296 4063 485 4108; x_wconf 83' lang='lat' dir='ltr'><strong>notum</strong></span> <span class='ocrx_word' id='word_1_254' title='bbox 529 4057 657 4108; x_wconf 90' lang='lat' dir='ltr'><strong>illud</strong></span> <span class='ocrx_word' id='word_1_255' title='bbox 696 4060 712 4087; x_wconf 90' lang='lat'>‘</span> <span class='ocrx_word' id='word_1_256' title='bbox 739 4059 1006 4112; x_wconf 73' lang='lat' dir='ltr'><strong>Hannibal</strong></span> <span class='ocrx_word' id='word_1_257' title='bbox 1044 4061 1111 4111; x_wconf 82' lang='lat' dir='ltr'><strong>ad</strong></span> <span class='ocrx_word' id='word_1_258' title='bbox 1150 4062 1366 4127; x_wconf 64' lang='lat' dir='ltr'><strong>portas!</strong></span> 
     </span>
    </p>
   </div>
   <div class='ocr_carea' id='block_1_7' title="bbox 227 4135 1365 4191">
    <p class='ocr_par' dir='ltr' id='par_1_13' title="bbox 227 4135 1365 4191">
     <span class='ocr_line' id='line_1_42' title="bbox 227 4135 1365 4191; baseline 0.004 -4"><span class='ocrx_word' id='word_1_259' title='bbox 227 4185 230 4190; x_wconf 78' lang='grc'><strong><em>,</em></strong></span> <span class='ocrx_word' id='word_1_260' title='bbox 299 4136 570 4188; x_wconf 80' lang='lat' dir='ltr'><strong>Quantum</strong></span> <span class='ocrx_word' id='word_1_261' title='bbox 591 4135 707 4185; x_wconf 86' lang='lat' dir='ltr'><strong>urbi</strong></span> <span class='ocrx_word' id='word_1_262' title='bbox 732 4136 984 4188; x_wconf 78' lang='lat' dir='ltr'><strong>Romsnae</strong></span> <span class='ocrx_word' id='word_1_263' title='bbox 1010 4148 1265 4191; x_wconf 85' lang='lat' dir='ltr'><strong>terrorem</strong></span> <span class='ocrx_word' id='word_1_264' title='bbox 1289 4142 1365 4191; x_wconf 88' lang='lat' dir='ltr'><strong>in-</strong></span> 
     </span>
    </p>
   </div>
   <div class='ocr_carea' id='block_1_8' title="bbox 287 4210 1367 4338">
    <p class='ocr_par' dir='ltr' id='par_1_14' title="bbox 287 4210 1367 4338">
     <span class='ocr_line' id='line_1_43' title="bbox 287 4210 1367 4282; baseline 0.006 -22"><span class='ocrx_word' id='word_1_265' title='bbox 287 4210 506 4276; x_wconf 80' lang='lat' dir='ltr'><strong>jecerit,</strong></span> <span class='ocrx_word' id='word_1_266' title='bbox 529 4226 689 4278; x_wconf 78' lang='lat' dir='ltr'><strong>supra</strong></span> <span class='ocrx_word' id='word_1_267' title='bbox 709 4212 910 4264; x_wconf 86' lang='lat' dir='ltr'><strong>dictum</strong></span> <span class='ocrx_word' id='word_1_268' title='bbox 932 4222 1035 4281; x_wconf 84' lang='lat' dir='ltr'><strong>est,</strong></span> <span class='ocrx_word' id='word_1_269' title='bbox 1058 4217 1257 4282; x_wconf 76' lang='lat' dir='ltr'><strong>Paneg.</strong></span> <span class='ocrx_word' id='word_1_270' title='bbox 1278 4231 1367 4267; x_wconf 82' lang='grc' dir='ltr'><strong>ιιι.</strong></span> 
     </span>
     <span class='ocr_line' id='line_1_44' title="bbox 302 4289 389 4338; baseline 0.034 -3"><span class='ocrx_word' id='word_1_271' title='bbox 302 4289 389 4338; x_wconf 83' lang='grc'><strong>10.</strong></span> 
     </span>
    </p>
   </div>
   <div class='ocr_carea' id='block_1_9' title="bbox 371 4362 1369 4438">
    <p class='ocr_par' dir='ltr' id='par_1_15' title="bbox 371 4362 1369 4438">
     <span class='ocr_line' id='line_1_45' title="bbox 371 4362 1369 4438; baseline 0.01 -24"><span class='ocrx_word' id='word_1_272' title='bbox 371 4362 395 4395; x_wconf 72' lang='lat'><strong><em>¹</em></strong></span> <span class='ocrx_word' id='word_1_273' title='bbox 421 4364 660 4431; x_wconf 73' lang='lat' dir='ltr'><strong>Receptus</strong></span> <span class='ocrx_word' id='word_1_274' title='bbox 710 4367 863 4418; x_wconf 69' lang='lat' dir='ltr'><strong>muris</strong></span> <span class='ocrx_word' id='word_1_275' title='bbox 922 4368 1119 4435; x_wconf 71' lang='lat' dir='ltr'><strong>Gallu]</strong></span> <span class='ocrx_word' id='word_1_276' title='bbox 1172 4371 1369 4438; x_wconf 75' lang='lat' dir='ltr'><strong>Tangit</strong></span> 
     </span>
    </p>
   </div>
   <div class='ocr_carea' id='block_1_10' title="bbox 1442 2443 2511 3354">
    <p class='ocr_par' dir='ltr' id='par_1_16' title="bbox 1442 2443 2507 2816">
     <span class='ocr_line' id='line_1_46' title="bbox 1442 2443 2502 2497; baseline 0.001 -2"><span class='ocrx_word' id='word_1_277' title='bbox 1442 2443 1815 2495; x_wconf 85' lang='lat' dir='ltr'><strong>Senonensium</strong></span> <span class='ocrx_word' id='word_1_278' title='bbox 1837 2443 2104 2495; x_wconf 75' lang='lat' dir='ltr'><strong>Gallorum</strong></span> <span class='ocrx_word' id='word_1_279' title='bbox 2139 2445 2190 2495; x_wconf 88' lang='lat' dir='ltr'><strong>in</strong></span> <span class='ocrx_word' id='word_1_280' title='bbox 2220 2445 2403 2497; x_wconf 87' lang='lat' dir='ltr'><strong>urbem</strong></span> <span class='ocrx_word' id='word_1_281' title='bbox 2434 2446 2502 2496; x_wconf 88' lang='lat' dir='ltr'><strong>ir-</strong></span> 
     </span>
     <span class='ocr_line' id='line_1_47' title="bbox 1442 2522 2506 2586; baseline 0.002 -14"><span class='ocrx_word' id='word_1_282' title='bbox 1442 2524 1758 2586; x_wconf 80' lang='lat' dir='ltr'><strong>ruptionem,</strong></span> <span class='ocrx_word' id='word_1_283' title='bbox 1786 2536 1903 2572; x_wconf 90' lang='lat' dir='ltr'><strong>cum</strong></span> <span class='ocrx_word' id='word_1_284' title='bbox 1924 2522 2127 2585; x_wconf 77' lang='lat' dir='ltr'><strong>direpta</strong></span> <span class='ocrx_word' id='word_1_285' title='bbox 2148 2522 2304 2573; x_wconf 78' lang='lat' dir='ltr'><strong>Italis</strong></span> <span class='ocrx_word' id='word_1_286' title='bbox 2330 2523 2382 2573; x_wconf 89' lang='lat' dir='ltr'><strong>in</strong></span> <span class='ocrx_word' id='word_1_287' title='bbox 2407 2524 2506 2574; x_wconf 78' lang='lat' dir='ltr'><strong>Ca-</strong></span> 
     </span>
     <span class='ocr_line' id='line_1_48' title="bbox 1442 2599 2505 2662; baseline 0.003 -14"><span class='ocrx_word' id='word_1_288' title='bbox 1442 2599 1682 2662; x_wconf 88' lang='lat' dir='ltr'><strong>pitolium</strong></span> <span class='ocrx_word' id='word_1_289' title='bbox 1707 2599 2077 2656; x_wconf 78' lang='lat' dir='ltr'><strong>ascendissent,</strong></span> <span class='ocrx_word' id='word_1_290' title='bbox 2098 2601 2152 2650; x_wconf 87' lang='lat' dir='ltr'><strong>ni</strong></span> <span class='ocrx_word' id='word_1_291' title='bbox 2176 2601 2248 2650; x_wconf 82' lang='lat' dir='ltr'><strong>M.</strong></span> <span class='ocrx_word' id='word_1_292' title='bbox 2274 2601 2505 2654; x_wconf 75' lang='lat' dir='ltr'><strong>Manlius</strong></span> 
     </span>
     <span class='ocr_line' id='line_1_49' title="bbox 1443 2676 2507 2746; baseline 0.005 -21"><span class='ocrx_word' id='word_1_293' title='bbox 1443 2676 1769 2740; x_wconf 84' lang='lat' dir='ltr'><strong>Capitolinus</strong></span> <span class='ocrx_word' id='word_1_294' title='bbox 1802 2677 2044 2746; x_wconf 68' lang='lat' dir='ltr'><strong>clangore</strong></span> <span class='ocrx_word' id='word_1_295' title='bbox 2078 2677 2271 2727; x_wconf 82' lang='lat' dir='ltr'><strong>anseris</strong></span> <span class='ocrx_word' id='word_1_296' title='bbox 2302 2678 2507 2730; x_wconf 79' lang='lat' dir='ltr'><strong>excitus</strong></span> 
     </span>
     <span class='ocr_line' id='line_1_50' title="bbox 1443 2752 1852 2816; baseline -0.002 -14"><span class='ocrx_word' id='word_1_297' title='bbox 1443 2765 1533 2802; x_wconf 83' lang='lat' dir='ltr'><strong>eos</strong></span> <span class='ocrx_word' id='word_1_298' title='bbox 1558 2752 1852 2816; x_wconf 82' lang='lat' dir='ltr'><strong>repulisset.</strong></span> 
     </span>
    </p>

    <p class='ocr_par' dir='ltr' id='par_1_17' title="bbox 1442 2827 2511 3200">
     <span class='ocr_line' id='line_1_51' title="bbox 1506 2827 2509 2892; baseline 0.01 -19"><span class='ocrx_word' id='word_1_299' title='bbox 1506 2837 1532 2873; x_wconf 74' lang='lat' dir='ltr'><strong>s</strong></span> <span class='ocrx_word' id='word_1_300' title='bbox 1564 2827 1772 2879; x_wconf 71' lang='lat' dir='ltr'><strong>Aniensi</strong></span> <span class='ocrx_word' id='word_1_301' title='bbox 1790 2829 1890 2892; x_wconf 78' lang='lat' dir='ltr'><strong>die]</strong></span> <span class='ocrx_word' id='word_1_302' title='bbox 1926 2830 2056 2880; x_wconf 86' lang='lat' dir='ltr'><strong>Cum</strong></span> <span class='ocrx_word' id='word_1_303' title='bbox 2081 2830 2300 2882; x_wconf 75' lang='lat' dir='ltr'><strong>Romani</strong></span> <span class='ocrx_word' id='word_1_304' title='bbox 2322 2846 2355 2881; x_wconf 72' lang='lat' dir='ltr'><strong>a</strong></span> <span class='ocrx_word' id='word_1_305' title='bbox 2377 2830 2509 2883; x_wconf 79' lang='lat' dir='ltr'><strong>Gal·</strong></span> 
     </span>
     <span class='ocr_line' id='line_1_52' title="bbox 1442 2904 2509 2971; baseline 0.007 -18"><span class='ocrx_word' id='word_1_306' title='bbox 1442 2904 1507 2954; x_wconf 86' lang='lat' dir='ltr'><strong>lis</strong></span> <span class='ocrx_word' id='word_1_307' title='bbox 1533 2904 1654 2969; x_wconf 79' lang='lat' dir='ltr'><strong>susi,</strong></span> <span class='ocrx_word' id='word_1_308' title='bbox 1687 2905 1956 2971; x_wconf 75' lang='lat' dir='ltr'><strong>fugatique</strong></span> <span class='ocrx_word' id='word_1_309' title='bbox 1991 2906 2054 2957; x_wconf 79' lang='lat' dir='ltr'><strong>ad</strong></span> <span class='ocrx_word' id='word_1_310' title='bbox 2092 2907 2300 2959; x_wconf 77' lang='lat' dir='ltr'><strong>Alliam.</strong></span> <span class='ocrx_word' id='word_1_311' title='bbox 2366 2910 2509 2960; x_wconf 80' lang='lat' dir='ltr'><strong>Ania</strong></span> 
     </span>
     <span class='ocr_line' id='line_1_53' title="bbox 1444 2982 2509 3036; baseline 0 -5"><span class='ocrx_word' id='word_1_312' title='bbox 1444 2991 1618 3032; x_wconf 75' lang='lat' dir='ltr'><strong>autem</strong></span> <span class='ocrx_word' id='word_1_313' title='bbox 1642 2982 1829 3032; x_wconf 79' lang='lat' dir='ltr'><strong>fluvius</strong></span> <span class='ocrx_word' id='word_1_314' title='bbox 1852 2993 1935 3033; x_wconf 84' lang='lat' dir='ltr'><strong>est</strong></span> <span class='ocrx_word' id='word_1_315' title='bbox 1958 2985 2344 3036; x_wconf 79' lang='lat' dir='ltr'><strong>aCrustuminis</strong></span> <span class='ocrx_word' id='word_1_316' title='bbox 2362 3002 2509 3036; x_wconf 85' lang='lat' dir='ltr'><strong>mon.</strong></span> 
     </span>
     <span class='ocr_line' id='line_1_54' title="bbox 1444 3059 2511 3125; baseline 0.007 -19"><span class='ocrx_word' id='word_1_317' title='bbox 1444 3059 1583 3107; x_wconf 86' lang='lat' dir='ltr'><strong>tibus</strong></span> <span class='ocrx_word' id='word_1_318' title='bbox 1606 3059 2001 3123; x_wconf 81' lang='lat' dir='ltr'><strong>quadragesimo</strong></span> <span class='ocrx_word' id='word_1_319' title='bbox 2024 3061 2089 3110; x_wconf 84' lang='lat' dir='ltr'><strong>ab</strong></span> <span class='ocrx_word' id='word_1_320' title='bbox 2109 3062 2240 3112; x_wconf 81' lang='lat' dir='ltr'><strong>urbe</strong></span> <span class='ocrx_word' id='word_1_321' title='bbox 2257 3064 2430 3125; x_wconf 80' lang='lat' dir='ltr'><strong>lapide</strong></span> <span class='ocrx_word' id='word_1_322' title='bbox 2455 3067 2511 3113; x_wconf 85' lang='lat' dir='ltr'><strong>in</strong></span> 
     </span>
     <span class='ocr_line' id='line_1_55' title="bbox 1446 3134 2487 3200; baseline 0.007 -16"><span class='ocrx_word' id='word_1_323' title='bbox 1446 3134 1770 3184; x_wconf 81' lang='lat' dir='ltr'><strong>orientalem</strong></span> <span class='ocrx_word' id='word_1_324' title='bbox 1787 3135 1988 3186; x_wconf 87' lang='lat' dir='ltr'><strong>Tiberis</strong></span> <span class='ocrx_word' id='word_1_325' title='bbox 2012 3146 2213 3200; x_wconf 85' lang='lat' dir='ltr'><strong>partem</strong></span> <span class='ocrx_word' id='word_1_326' title='bbox 2234 3138 2487 3191; x_wconf 86' lang='lat' dir='ltr'><strong>defluens.</strong></span> 
     </span>
    </p>

    <p class='ocr_par' dir='ltr' id='par_1_18' title="bbox 1444 3209 2508 3354">
     <span class='ocr_line' id='line_1_56' title="bbox 1507 3209 2508 3281; baseline 0.009 -21"><span class='ocrx_word' id='word_1_327' title='bbox 1507 3209 1536 3245; x_wconf 81' lang='lat'><strong>¹¹</strong></span> <span class='ocrx_word' id='word_1_328' title='bbox 1573 3211 1822 3276; x_wconf 75' lang='lat' dir='ltr'><strong>Emathia]</strong></span> <span class='ocrx_word' id='word_1_329' title='bbox 1858 3213 2130 3265; x_wconf 87' lang='lat' dir='ltr'><strong>Celebrem</strong></span> <span class='ocrx_word' id='word_1_330' title='bbox 2169 3232 2394 3281; x_wconf 76' lang='lat' dir='ltr'><strong>pugnum</strong></span> <span class='ocrx_word' id='word_1_331' title='bbox 2428 3221 2508 3269; x_wconf 89' lang='lat' dir='ltr'><strong>in-</strong></span> 
     </span>
     <span class='ocr_line' id='line_1_57' title="bbox 1444 3288 2508 3354; baseline 0.008 -17"><span class='ocrx_word' id='word_1_332' title='bbox 1444 3288 1636 3352; x_wconf 80' lang='lat' dir='ltr'><strong>telligit</strong></span> <span class='ocrx_word' id='word_1_333' title='bbox 1660 3290 1967 3354; x_wconf 84' lang='lat' dir='ltr'><strong>Pompeium</strong></span> <span class='ocrx_word' id='word_1_334' title='bbox 1993 3292 2129 3343; x_wconf 82' lang='lat' dir='ltr'><strong>inter</strong></span> <span class='ocrx_word' id='word_1_335' title='bbox 2163 3303 2217 3345; x_wconf 92' lang='lat' dir='ltr'><strong>et</strong></span> <span class='ocrx_word' id='word_1_336' title='bbox 2249 3296 2508 3346; x_wconf 71' lang='lat' dir='ltr'><strong>Caesarem</strong></span> 
     </span>
    </p>
   </div>
   <div class='ocr_carea' id='block_1_11' title="bbox 1409 3366 2507 3429">
    <p class='ocr_par' dir='ltr' id='par_1_19' title="bbox 1409 3366 2507 3429">
     <span class='ocr_line' id='line_1_58' title="bbox 1409 3366 2507 3429; baseline 0.007 -16"><span class='ocrx_word' id='word_1_337' title='bbox 1409 3389 1412 3392; x_wconf 97' lang='lat'>·</span> <span class='ocrx_word' id='word_1_338' title='bbox 1443 3366 1498 3414; x_wconf 91' lang='lat' dir='ltr'><strong>in</strong></span> <span class='ocrx_word' id='word_1_339' title='bbox 1521 3367 1716 3429; x_wconf 78' lang='lat' dir='ltr'><strong>campis</strong></span> <span class='ocrx_word' id='word_1_340' title='bbox 1750 3367 2001 3416; x_wconf 82' lang='lat' dir='ltr'><strong>Emathiis</strong></span> <span class='ocrx_word' id='word_1_341' title='bbox 2034 3371 2375 3420; x_wconf 79' lang='lat' dir='ltr'><strong>commissam.</strong></span> <span class='ocrx_word' id='word_1_342' title='bbox 2438 3372 2507 3421; x_wconf 82' lang='lat' dir='ltr'><strong>E-</strong></span> 
     </span>
    </p>
   </div>
   <div class='ocr_carea' id='block_1_12' title="bbox 1443 3441 2511 4360">
    <p class='ocr_par' dir='ltr' id='par_1_20' title="bbox 1443 3441 2510 3815">
     <span class='ocr_line' id='line_1_59' title="bbox 1444 3441 2509 3511; baseline 0.008 -22"><span class='ocrx_word' id='word_1_343' title='bbox 1444 3441 1635 3491; x_wconf 78' lang='lat' dir='ltr'><strong>mathia</strong></span> <span class='ocrx_word' id='word_1_344' title='bbox 1658 3450 1829 3492; x_wconf 84' lang='lat' dir='ltr'><strong>autem</strong></span> <span class='ocrx_word' id='word_1_345' title='bbox 1855 3446 2065 3508; x_wconf 84' lang='lat' dir='ltr'><strong>proprie</strong></span> <span class='ocrx_word' id='word_1_346' title='bbox 2090 3447 2234 3511; x_wconf 83' lang='lat' dir='ltr'><strong>regio</strong></span> <span class='ocrx_word' id='word_1_347' title='bbox 2249 3457 2326 3497; x_wconf 87' lang='lat' dir='ltr'><strong>est</strong></span> <span class='ocrx_word' id='word_1_348' title='bbox 2345 3448 2509 3498; x_wconf 82' lang='lat' dir='ltr'><strong>Thra-</strong></span> 
     </span>
     <span class='ocr_line' id='line_1_60' title="bbox 1444 3516 2510 3587; baseline 0.007 -21"><span class='ocrx_word' id='word_1_349' title='bbox 1444 3517 1541 3567; x_wconf 83' lang='lat' dir='ltr'><strong>ciae</strong></span> <span class='ocrx_word' id='word_1_350' title='bbox 1562 3516 1799 3584; x_wconf 83' lang='lat' dir='ltr'><strong>finitima,</strong></span> <span class='ocrx_word' id='word_1_351' title='bbox 1817 3519 1951 3584; x_wconf 92' lang='lat' dir='ltr'><strong>quod</strong></span> <span class='ocrx_word' id='word_1_352' title='bbox 1971 3537 2151 3571; x_wconf 89' lang='lat' dir='ltr'><strong>nomen</strong></span> <span class='ocrx_word' id='word_1_353' title='bbox 2174 3525 2391 3587; x_wconf 85' lang='lat' dir='ltr'><strong>primum</strong></span> <span class='ocrx_word' id='word_1_354' title='bbox 2412 3525 2510 3574; x_wconf 84' lang='lat' dir='ltr'><strong>ali-</strong></span> 
     </span>
     <span class='ocr_line' id='line_1_61' title="bbox 1445 3596 2508 3664; baseline 0.009 -19"><span class='ocrx_word' id='word_1_355' title='bbox 1445 3596 1528 3645; x_wconf 87' lang='lat' dir='ltr'><strong>cui</strong></span> <span class='ocrx_word' id='word_1_356' title='bbox 1557 3596 1886 3647; x_wconf 70' lang='lat' dir='ltr'><strong>Macedoniae</strong></span> <span class='ocrx_word' id='word_1_357' title='bbox 1905 3602 2121 3664; x_wconf 82' lang='lat' dir='ltr'><strong>regioni,</strong></span> <span class='ocrx_word' id='word_1_358' title='bbox 2140 3608 2248 3652; x_wconf 88' lang='lat' dir='ltr'><strong>tum</strong></span> <span class='ocrx_word' id='word_1_359' title='bbox 2270 3604 2368 3654; x_wconf 88' lang='lat' dir='ltr'><strong>toti</strong></span> <span class='ocrx_word' id='word_1_360' title='bbox 2390 3605 2508 3654; x_wconf 79' lang='lat' dir='ltr'><strong>Ma·</strong></span> 
     </span>
     <span class='ocr_line' id='line_1_62' title="bbox 1443 3669 2508 3744; baseline 0.008 -20"><span class='ocrx_word' id='word_1_361' title='bbox 1443 3669 1696 3739; x_wconf 77' lang='lat' dir='ltr'><strong>cedoniae,</strong></span> <span class='ocrx_word' id='word_1_362' title='bbox 1731 3685 1891 3740; x_wconf 83' lang='lat' dir='ltr'><strong>atque</strong></span> <span class='ocrx_word' id='word_1_363' title='bbox 1912 3679 2070 3727; x_wconf 82' lang='lat' dir='ltr'><strong>etiam</strong></span> <span class='ocrx_word' id='word_1_364' title='bbox 2104 3680 2204 3744; x_wconf 88' lang='lat' dir='ltr'><strong>ipsi</strong></span> <span class='ocrx_word' id='word_1_365' title='bbox 2225 3682 2508 3733; x_wconf 77' lang='lat' dir='ltr'><strong>Thessaliae</strong></span> 
     </span>
     <span class='ocr_line' id='line_1_63' title="bbox 1444 3750 2115 3815; baseline 0.009 -16"><span class='ocrx_word' id='word_1_366' title='bbox 1444 3765 1473 3799; x_wconf 80' lang='lat' dir='ltr'><strong>a</strong></span> <span class='ocrx_word' id='word_1_367' title='bbox 1497 3750 1668 3815; x_wconf 64' lang='lat' dir='ltr'><strong>poetis</strong></span> <span class='ocrx_word' id='word_1_368' title='bbox 1692 3752 1998 3804; x_wconf 75' lang='lat' dir='ltr'><strong>attributum</strong></span> <span class='ocrx_word' id='word_1_369' title='bbox 2018 3761 2115 3805; x_wconf 84' lang='lat' dir='ltr'><strong>est.</strong></span> 
     </span>
    </p>

    <p class='ocr_par' dir='ltr' id='par_1_21' title="bbox 1444 3827 2509 4187">
     <span class='ocr_line' id='line_1_64' title="bbox 1509 3827 2509 3899; baseline 0.011 -23"><span class='ocrx_word' id='word_1_370' title='bbox 1509 3827 1526 3862; x_wconf 85' lang='lat'><strong>¹</strong></span> <span class='ocrx_word' id='word_1_371' title='bbox 1560 3827 1765 3892; x_wconf 75' lang='lat' dir='ltr'><strong>Cannis]</strong></span> <span class='ocrx_word' id='word_1_372' title='bbox 1796 3830 2119 3882; x_wconf 81' lang='lat' dir='ltr'><strong>Cannensem</strong></span> <span class='ocrx_word' id='word_1_373' title='bbox 2147 3847 2371 3899; x_wconf 74' lang='lat' dir='ltr'><strong>pugnam</strong></span> <span class='ocrx_word' id='word_1_374' title='bbox 2393 3835 2509 3886; x_wconf 72' lang='lat' dir='ltr'><strong>tzin-</strong></span> 
     </span>
     <span class='ocr_line' id='line_1_65' title="bbox 1446 3905 2508 3969; baseline 0.008 -15"><span class='ocrx_word' id='word_1_375' title='bbox 1446 3905 1541 3969; x_wconf 80' lang='lat' dir='ltr'><strong>git,</strong></span> <span class='ocrx_word' id='word_1_376' title='bbox 1568 3905 1655 3955; x_wconf 90' lang='lat' dir='ltr'><strong>ubi</strong></span> <span class='ocrx_word' id='word_1_377' title='bbox 1678 3906 1744 3956; x_wconf 75' lang='lat' dir='ltr'><strong>nb</strong></span> <span class='ocrx_word' id='word_1_378' title='bbox 1772 3906 2071 3959; x_wconf 77' lang='lat' dir='ltr'><strong>Hannibale</strong></span> <span class='ocrx_word' id='word_1_379' title='bbox 2093 3923 2229 3961; x_wconf 76' lang='lat' dir='ltr'><strong>coesa</strong></span> <span class='ocrx_word' id='word_1_380' title='bbox 2252 3913 2508 3962; x_wconf 87' lang='lat' dir='ltr'><strong>Romano-</strong></span> 
     </span>
     <span class='ocr_line' id='line_1_66' title="bbox 1447 3982 2509 4048; baseline 0.009 -18"><span class='ocrx_word' id='word_1_381' title='bbox 1447 3997 1557 4031; x_wconf 88' lang='lat' dir='ltr'><strong>rum</strong></span> <span class='ocrx_word' id='word_1_382' title='bbox 1585 3982 1924 4048; x_wconf 71' lang='lat' dir='ltr'><strong>quadraginta</strong></span> <span class='ocrx_word' id='word_1_383' title='bbox 1952 3987 2131 4037; x_wconf 77' lang='lat' dir='ltr'><strong>millia.</strong></span> <span class='ocrx_word' id='word_1_384' title='bbox 2201 3989 2395 4038; x_wconf 75' lang='lat' dir='ltr'><strong>Canuoe</strong></span> <span class='ocrx_word' id='word_1_385' title='bbox 2419 4001 2509 4040; x_wconf 77' lang='lat' dir='ltr'><strong>au-</strong></span> 
     </span>
     <span class='ocr_line' id='line_1_67' title="bbox 1447 4060 2508 4128; baseline 0.009 -19"><span class='ocrx_word' id='word_1_386' title='bbox 1447 4067 1554 4109; x_wconf 84' lang='lat' dir='ltr'><strong>tem</strong></span> <span class='ocrx_word' id='word_1_387' title='bbox 1580 4060 1723 4110; x_wconf 80' lang='lat' dir='ltr'><strong>vicus</strong></span> <span class='ocrx_word' id='word_1_388' title='bbox 1746 4061 1902 4112; x_wconf 78' lang='lat' dir='ltr'><strong>estin</strong></span> <span class='ocrx_word' id='word_1_389' title='bbox 1927 4062 2142 4128; x_wconf 79' lang='lat' dir='ltr'><strong>Apulia,</strong></span> <span class='ocrx_word' id='word_1_390' title='bbox 2173 4064 2241 4114; x_wconf 77' lang='lat' dir='ltr'><strong>ad</strong></span> <span class='ocrx_word' id='word_1_391' title='bbox 2264 4064 2508 4119; x_wconf 76' lang='lat' dir='ltr'><strong>Aufidum</strong></span> 
     </span>
     <span class='ocr_line' id='line_1_68' title="bbox 1444 4134 2273 4187; baseline 0.006 0"><span class='ocrx_word' id='word_1_392' title='bbox 1444 4134 1677 4187; x_wconf 82' lang='lat' dir='ltr'><strong>fluvium.</strong></span> <span class='ocrx_word' id='word_1_393' title='bbox 1734 4165 1741 4169; x_wconf 96' lang='lat'><em>-</em></span> <span class='ocrx_word' id='word_1_394' title='bbox 2270 4159 2273 4164; x_wconf 89' lang='lat'>·</span> 
     </span>
    </p>

    <p class='ocr_par' dir='ltr' id='par_1_22' title="bbox 1447 4213 2511 4360">
     <span class='ocr_line' id='line_1_69' title="bbox 1507 4213 2511 4286; baseline 0.009 -25"><span class='ocrx_word' id='word_1_395' title='bbox 1507 4213 1528 4257; x_wconf 69' lang='lat' dir='ltr'>J</span> <span class='ocrx_word' id='word_1_396' title='bbox 1560 4215 1753 4265; x_wconf 70' lang='lat' dir='ltr'><strong>Collina</strong></span> <span class='ocrx_word' id='word_1_397' title='bbox 1795 4215 2024 4281; x_wconf 71' lang='lat' dir='ltr'><strong>feralior]</strong></span> <span class='ocrx_word' id='word_1_398' title='bbox 2078 4218 2284 4269; x_wconf 66' lang='lat' dir='ltr'><strong>Collina</strong></span> <span class='ocrx_word' id='word_1_399' title='bbox 2338 4230 2511 4286; x_wconf 84' lang='lat' dir='ltr'><strong>porta,</strong></span> 
     </span>
     <span class='ocr_line' id='line_1_70' title="bbox 1447 4290 2507 4360; baseline 0.008 -18"><span class='ocrx_word' id='word_1_400' title='bbox 1447 4305 1566 4357; x_wconf 62' lang='lat' dir='ltr'><strong>qun</strong></span> <span class='ocrx_word' id='word_1_401' title='bbox 1588 4290 1692 4343; x_wconf 86' lang='lat' dir='ltr'><strong>fuit</strong></span> <span class='ocrx_word' id='word_1_402' title='bbox 1713 4295 1767 4344; x_wconf 91' lang='lat' dir='ltr'><strong>in</strong></span> <span class='ocrx_word' id='word_1_403' title='bbox 1790 4296 1925 4346; x_wconf 84' lang='lat' dir='ltr'><strong>colle</strong></span> <span class='ocrx_word' id='word_1_404' title='bbox 1949 4295 2206 4349; x_wconf 74' lang='lat' dir='ltr'><strong>Quirinali</strong></span> <span class='ocrx_word' id='word_1_405' title='bbox 2227 4299 2344 4360; x_wconf 79' lang='lat' dir='ltr'><strong>sita,</strong></span> <span class='ocrx_word' id='word_1_406' title='bbox 2367 4300 2507 4350; x_wconf 89' lang='lat' dir='ltr'><strong>unde</strong></span> 
     </span>
    </p>
   </div>
  </div>
 </body>
</html>
