3084 4959
811 373 1151 422 mssER'r.
1200 372 1304 420 An
1354 371 1800 421 ΜΑΜκιιτιΝι
1853 372 2125 440 manum
2391 358 2561 423 1137

364 517 743 601 ratorisque
774 518 996 584 fasces
1026 521 1376 584 veneratus
1405 523 1612 582 esset.
1701 514 1837 581 Sed
1865 535 2082 600 neque
2114 515 2201 581 ad
2229 519 2559 602 posterio-

366 642 478 688 res
525 641 740 686 annos
788 621 1142 686 commode
1187 623 1412 687 referri
1451 620 1561 685 hic
1606 623 1840 704 potest
1871 619 2354 703 Panegyricus,
2443 620 2563 685 Et-

368 725 571 800 enim,
605 743 755 790 cum
802 724 866 789 is
909 730 1068 789 ante
1111 724 1400 791 habitus·
1436 725 1548 801 sit,
1587 743 1791 809 quam
1833 722 2080 788 educta
2109 729 2292 788 esset
2319 724 2564 790 classis

366 825 692 891 adversus
716 825 1133 907 Carausium,
1154 833 1392 912 utpote
1422 827 1536 891 cui
1557 825 1765 892 classi
1786 825 2024 890 Orator
2052 824 2317 892 felicem
2342 846 2563 912 egres-

368 947 520 992 sum
571 929 1212 1015 expeditionemque
1264 930 1638 1010 ominatur3
1682 929 1804 992 vix
1856 927 2179 993 credibile
2230 932 2355 1007 est,
2411 947 2564 994 eam

365 1029 505 1096 fere
534 1049 652 1116 per
677 1031 1017 1098 biennium
1065 1034 1133 1098 in
1176 1033 1345 1098 mari
1394 1038 1708 1116 vagatam
1741 1050 1919 1108 esse,
1948 1032 2135 1116 prius
2172 1051 2376 1115 quam
2405 1051 2563 1097 cum

370 1132 705 1198 Carausio
752 1133 1155 1199 conflixerit.
1258 1133 1601 1200 Praeterea
1651 1134 1720 1198 in
1768 1135 1896 1199 hae
1949 1132 2297 1215 Oratione,
2344 1154 2567 1219 neque

367 1236 610 1301 classis
658 1236 1016 1303 infeliciter
1062 1221 1388 1323 disjectae,
1428 1257 1648 1321 neque
1680 1234 2027 1304 Coesarum
2057 1256 2101 1304 a
2136 1237 2567 1304 Diocletiano

370 1345 438 1405 et
468 1339 897 1406 Maximiano
930 1340 1077 1426 jam
1108 1339 1623 1424 designatorum,
1652 1339 1733 1405 fit
1759 1340 2030 1405 mentio.

459 1443 549 1508 A.
580 1441 659 1510 C.
687 1444 839 1508 290.
894 1443 1320 1510 Diocletiano
1347 1442 1395 1509 J
1399 1444 1560 1509 ovio
1608 1459 1710 1507 ιν.
1748 1450 1815 1509 et
1855 1441 2276 1508 Maximiano
2305 1443 2566 1509 Hercu-

367 1548 463 1613 lio
499 1564 612 1611 ιιι.
654 1547 982 1632 Augustis
1014 1546 1445 1625 Consulibus,
1470 1546 1868 1625 carausius,
1896 1546 2077 1612 bello
2114 1546 2344 1611 navali
2372 1566 2566 1630 supe-

369 1652 526 1725 rior,
559 1650 963 1716 Maximiani
993 1651 1216 1717 classe
1256 1651 1504 1735 partim
1544 1656 1771 1734 capta,
1813 1649 2057 1734 partim
2086 1647 2375 1714 adversa
2403 1654 2570 1716 tem-

371 1761 640 1838 pestate
669 1753 976 1840 disjecta,
1006 1773 1241 1837 pacem
1271 1758 1341 1818 et
1367 1752 1661 1836 Augusti
1689 1752 1961 1817 titulum
1991 1751 2299 1818 obtinuit.

459 1855 543 1920 A.
580 1854 661 1920 C.
691 1856 846 1926 291.
890 1855 1102 1922 Junio
1132 1856 1519 1940 Tyberiano
1554 1872 1639 1922 ιι.
1684 1864 1756 1919 et
1785 1853 2030 1919 Cassio
2058 1851 2278 1919 Dione
2309 1851 2571 1919 Consu·

370 1959 578 2035 libus,
638 1958 1108 2025 Diocletianus
1169 1965 1239 2023 et
1289 1956 1759 2023 Maximianus
1818 1958 2274 2042 imperatores,
2335 1977 2570 2024 venere

374 2061 864 2141 Mediolanum,
895 2066 967 2127 ut
997 2062 1085 2128 de
1117 2059 1499 2128 Caesaribus
1529 2059 1833 2126 creandis
1859 2058 2342 2142 deliberarent3
2373 2066 2573 2145 prout

373 2170 445 2231 et
502 2165 804 2247 sequenti
862 2184 1038 2230 anno
1096 2163 1551 2229 Constantium
1602 2162 1940 2255 Chiorum,
1996 2161 2414 2227 Constantini
2467 2161 2572 2226 M.

375 2267 679 2347 Patrem,
738 2271 808 2333 et
882 2266 1230 2336 Galerium
1301 2265 1796 2332 Maximianum
1858 2264 2172 2330 Caesares
2227 2283 2571 2351 nuncupa-

372 2389 557 2434 vere.

466 2471 750 2536 Ceteras
798 2491 905 2538 res
950 2471 1183 2537 horum
1232 2471 1713 2554 imperatorum
1762 2469 1832 2533 in
1881 2469 2196 2554 praesenti
2247 2471 2574 2554 prosequi

376 2574 918 2660 supersedemuS,
973 2594 1128 2646 cum
1190 2574 1276 2645 ad
1327 2573 1793 2700 illustrandum
1847 2574 2024 2640 hunc
2085 2571 2573 2660 Panegyricum

376 2698 512 2743 non
557 2679 955 2764 pertineant.

516 4371 693 4435 Delph.
716 4376 766 4422 et
794 4370 911 4421 ναν.
928 4371 1057 4420 Cim·
1328 4369 1516 4431 Paneg.
1546 4367 1655 4418 Vct.
2334 4365 2367 4412 4
2402 4361 2445 4410 C
