3084 4959
558 337 730 406 1458
1191 353 1522 404 luzum
1573 351 2120 405 muneramus

555 501 627 567 in
655 499 1312 583 dimicandopraeter
1339 504 1603 565 ceteros
1642 497 1936 582 insignes
1970 499 2272 578 fuissent,
2310 500 2508 585 jussu
2544 500 2753 586 impe-

515 628 519 635 ·
555 604 795 669 tatoris
823 602 910 668 ad
938 601 1485 668 remunerandam
1514 602 1909 668 industriam
1938 602 2347 688 requisitos!
2420 602 2560 669 Ubi
2585 605 2757 671 nulli

557 706 1083 784 inveniebantur,
1112 705 1281 770 fides
1320 704 1553 771 habita
1594 710 1722 784 est,
1749 705 2016 771 divinos
2045 705 2276 785 fuisse,
2306 707 2426 790 qui
2454 707 2755 773 laborem

556 809 792 877 sedulo
838 809 1524 890 communicavissent,
1553 809 1803 874 laboris
1833 810 2124 893 pretium
2165 811 2598 895 respuissent.
2684 813 2755 876 5.

498 895 505 905 ’
561 906 890 997 Equidem
931 910 1227 975 historiae
1274 929 1409 975 non
1445 911 1701 976 invitus
1739 911 2088 976 assentior.
2178 912 2432 996 Neque·
2468 913 2642 978 enim
2677 912 2753 977 in

552 1015 687 1081 hoc
717 1015 858 1081 veri
889 1013 1359 1098 interpolatrix*
1387 1013 1697 1093 tenenda,
1729 1033 1882 1098 quae
1913 1033 1990 1079 se
2027 1033 2164 1080 non
2190 1032 2433 1080 vanam
2465 1016 2755 1099 antiqui-

554 1119 719 1186 tatis
746 1121 1049 1193 nuntiam
1080 1118 1479 1203 pollicetur!
1543 1117 1682 1183 Sed
1712 1126 1935 1185 tamen
1963 1118 2085 1197 illi,
2118 1119 2234 1204 qui
2257 1120 2383 1184 hoc
2411 1119 2756 1184 annalium·

553 1221 995 1287 monumentis
1031 1218 1481 1303 illigaverunt,
1512 1219 1923 1298 verebantur,
1953 1240 2040 1285 ne
2069 1220 2252 1305 apud
2296 1230 2601 1306 posteros
2626 1223 2753 1287 mi-

543 1323 765 1388 raculi
793 1322 956 1388 fides
987 1323 1440 1388 claudicaret!
1476 1344 1481 1355 ‘
1525 1324 1594 1389 6.
1637 1322 1900 1401 Estote,
1932 1344 1974 1388 o
2002 1324 2384 1406 gravissimi
2420 1333 2749 1404 auctoreS,

553 1425 641 1490 de
667 1426 1056 1510 scriptorum
1085 1426 1401 1509 religione
1431 1427 1650 1491 securi
1673 1433 1739 1507 3²¹
1782 1426 2130 1492 credamus
2160 1426 2359 1508 facta,
2392 1429 2511 1512 qui
2540 1428 2748 1513 majo-

553 1542 655 1592 ra‘
675 1546 851 1592 nunc
898 1527 1248 1591 sensimus.
1292 1556 1299 1559 ·
1339 1527 1738 1610 Magnitudo
1785 1527 2128 1613 Principis
2162 1530 2371 1595 nostri
2399 1531 2608 1614 gestis
2625 1551 2748 1597 -ve-

554 1636 766 1694 terum
821 1629 1019 1694 fidem
1074 1628 1412 1707 conciliat,
1470 1622 1605 1694 sed'
1644 1629 2049 1696 miraculum
2079 1630 2426 1696 detrahit:
2497 1633 2562 1697 ’7.
2606 1632 2746 1698 Pro

554 1732 793 1800 auxilii
837 1731 1049 1817 copia·
1086 1733 1504 1815 negotiorum
1553 1734 1724 1798 ratio
1768 1734 2097 1800 metienda
2140 1741 2259 1801 est.
2347 1735 2507 1800 Duo
2534 1754 2749 1820 quou-

554 1834 710 1899 dam
746 1835 1053 1918 juveneS,
1083 1835 1200 1899 sed
1249 1855 1423 1901 nunc
1455 1837 1791 1901 exercitus
1821 1837 1976 1903 visi.
2066 1837 2226 1903 Hoc
2253 1843 2429 1902 certe
2457 1838 2746 1918 uberius,

551 1956 676 2002 nec
703 1936 1029 2002 infirmius
1062 1939 1387 2004 veritate?
1473 1939 1623 2005 Stat
1653 1945 2034 2024 argumento
2065 1939 2324 2024 duplici
2365 1941 2536 2005 fides
2563 1942 2745 2007 nixa.
2795 1964 2802 1973 ·

554 2039 671 2105 Sic
703 2039 1182 2106 Constantinus
1201 2041 1430 2125 juvari
1459 2043 1720 2124 meruit,
1747 2045 1849 2109 sic
1879 2043 2110 2109 debuit
2140 2043 2359 2110 Roma
2387 2046 2659 2111 servari.

614 2232 639 2259 ¹*
676 2227 783 2282 Quo
805 2241 965 2275 eorum
984 2226 1138 2276 virtus
1155 2226 1352 2290 premio
1380 2228 1651 2278 donaretur.
1926 2258 1934 2265 ·

614 2298 635 2323 ⁸
661 2291 766 2341 Nec
785 2291 910 2341 enim
930 2292 1246 2341 existimanda
1282 2297 1354 2343 est
1377 2309 1434 2343 ea
1465 2293 1519 2342 in
1550 2308 1603 2343 re
1634 2293 1881 2344 veritatem
1902 2294 2186 2360 corrupisse,
2207 2309 2292 2346 nec
2321 2300 2496 2347 temere
2518 2311 2570 2346 se
2590 2296 2747 2359 ,iactet

552 2357 806 2405 vetustatis
826 2358 1063 2405 nuntiam.

615 2422 633 2452 ⁸
665 2421 746 2469 Ne
758 2422 1027 2482 prodigium
1048 2423 1173 2484 apud
1185 2428 1392 2484 posteros
1397 2422 1553 2488 fidem
1574 2438 1667 2473 non
1688 2423 1945 2476 obtineret.

613 2493 642 2516 ¹⁸
677 2484 826 2535 Haud
845 2488 1040 2536 metuite
1053 2502 1112 2536 ne
1127 2488 1522 2553 parumfideliter
1542 2504 1620 2539 res
1636 2489 1938 2554 descripsisse
1956 2490 2231 2541 videamini.

613 2557 640 2582 ¹·
673 2549 783 2600 Hoc
804 2557 929 2601 certe
950 2551 1122 2614 ruffus,
1143 2566 1227 2602 nec
1246 2555 1403 2603 minus
1423 2570 1605 2605 verum.

1466 2680 1829 2706 ‘ceunomo

551 2778 768 2842 cuspin.
804 2779 1042 2830 Rhenan.
1073 2781 1253 2843 Stepb.
1273 2788 1329 2831 et
1353 2782 1528 2832 Rivin.
1552 2791 1609 2832 et
1637 2781 1841 2832 demum
1876 2782 2141 2833 revocavit
2169 2783 2357 2834 Arntz.
2408 2783 2491 2847 qui
2521 2782 2575 2833 in
2604 2783 2743 2833 dium·-

549 2845 699 2893 cundo
721 2845 927 2893 Bel-tiu.
979 2846 1185 2907 insignis
1206 2847 1414 2896 Puteol.
1433 2856 1489 2897 et
1512 2847 1751 2897 Rbensu.
1802 2849 2017 2909 insignes
2039 2850 2167 2900 Exc.
2192 2849 2485 2899 Schonbov.
2506 2854 2522 2877 ‘
2538 2849 2744 2911 insignia

548 2914 719 2959 tamen
743 2911 956 2974 antique
979 2912 1136 2960 scribi
1161 2910 1368 2974 potuit?
1398 2911 1569 2961 Arutz.
1616 2915 1679 2962 ud
1698 2916 2091 2963 remunerandum
2115 2915 2384 2977 requisitos,
2408 2914 2608 2977 passivo
2639 2916 2745 2978 sig-

546 2973 782 3032 nificatu,
803 2975 1013 3025 Puteol.
1037 2976 1198 3026 Livia.
1223 2976 1456 3026 Rhenan.
1476 2978 1660 3041 Steph.
1685 2979 1855 3028 Riviu.
1879 2980 1946 3028 al.
1966 2986 2101 3030 vett.
2151 2980 2214 3030 ad
2234 2995 2278 3030 r.
2294 2980 2576 3029 industrium
2590 2981 2741 3044 requi·

546 3039 669 3089 sitos
690 3039 810 3089 Vet.
834 3041 1062 3091 Puteau.
1089 3042 1293 3093 Bertin.
1317 3043 1493 3092 Moerl.
1515 3043 1740 3107 Guelph.
1766 3044 1978 3109 cuspin.
2003 3045 2160 3095 Grut.
2183 3044 2350 3094 Paris.
2373 3045 2566 3094 Cenar-
2585 3046 2743 3096 Pata-

550 3106 858 3167 rolsJaeger.
914 3108 1070 3156 nullus
1090 3107 1417 3157 inveniebatur
1445 3109 1681 3160 Rhenau.
1705 3110 1889 3171 Steph.
1915 3111 2081 3160 Livin.
2113 3110 2285 3159 Rivin.
2338 3109 2514 3160 nullius
2536 3111 2746 3161 Puteol.

546 3169 1044 3233 nulli-inveniebantur
1066 3173 1190 3222 Vet.
1215 3172 1439 3223 Puteau.
1461 3174 1585 3222 Vct.
1609 3174 1776 3223 Liviu.
1801 3176 2004 3226 Bertin.
2026 3175 2248 3240 Guelph.
2271 3176 2482 3237 cuspin.
2509 3175 2664 3226 Grut·
2687 3183 2745 3226 et

549 3243 776 3283 recentt.
819 3235 947 3300 fidei
977 3236 1024 3284 Ιι.
1053 3242 1126 3285 est
1151 3236 1381 3299 Guelph.
1429 3241 1553 3300 quod
1571 3253 1676 3288 cum
1697 3240 1900 3289 laborem
1924 3240 2126 3289 Bet-tiu.
2150 3241 2278 3289 Exc.
2301 3241 2589 3292 Schonbov.
2615 3242 2745 3292 Cus-

550 3297 660 3360 piu.
706 3298 863 3349 Grnt.
905 3301 1072 3350 Baun.
1117 3302 1355 3352 Patarol.
1400 3303 1597 3352 Cellar.
1632 3303 1830 3367 Jaeger.
1883 3307 2005 3368 quod
2039 3305 2243 3355 laborem
2275 3305 2447 3356 Moerl.
2483 3320 2598 3356 cum
2622 3304 2744 3356 edd.

548 3362 761 3412 Puteol-
798 3364 1034 3413 Rheuau.
1074 3365 1241 3417 Livin.
1276 3366 1458 3430 Steph.
1496 3367 1671 3417 Riviu.
1709 3370 1774 3419 al.
1813 3377 1938 3418 vett.
1991 3371 2073 3432 qui
2101 3370 2306 3419 laborem
2341 3370 2568 3435 Guelph.
2606 3372 2745 3436 quod

547 3427 743 3492 primus
768 3430 971 3492 recepit
992 3429 1189 3493 Joeger.
1243 3432 1662 3481 communicassent
1683 3433 2009 3496 Guelph.—5
2044 3434 2273 3498 Guelph.
2301 3438 2493 3493 tuenda,
2518 3452 2623 3501 quae
2644 3468 2659 3486 .
2686 3472 2701 3487 .
2727 3460 2742 3486 ι

548 3497 706 3543 tamen
728 3494 833 3555 illa,
855 3496 937 3555 ᾃσ.
995 3494 1115 3544 Vet.
1151 3496 1377 3546 Putean.
1411 3504 1466 3545 et
1496 3496 1667 3547 Moern.
1696 3500 2034 3560 alligaverunt.
2088 3503 2103 3528 ‘
2129 3502 2306 3550 Minus
2338 3499 2520 3550 recte!
2551 3503 2741 3563 Joeger.

546 3562 646 3608 -6
681 3559 815 3609 Edd.
858 3566 988 3609 vett.
1023 3560 1378 3625 descriptorum.
1429 3565 1446 3591 ⁸
1472 3562 1632 3622 Lege,
1670 3564 1727 3612 de
1759 3564 2070 3626 scriptorum!
2102 3563 2302 3615 Acidal.
2354 3568 2584 3616 credimus
2603 3566 2746 3627 sacta

542 3624 681 3674 Exc-
709 3624 872 3687 Lang.
900 3624 1056 3674 Grut.
1096 3626 1263 3676 Paris.
1296 3624 1486 3676 Cellar.
1520 3628 1755 3678 Patarol.
1787 3629 1983 3690 Jaeger.
2014 3629 2181 3680 Banu.
2217 3631 2391 3682 Rivin.
2424 3641 2479 3681 et
2509 3634 2587 3682 sic
2612 3633 2748 3696 conj.

546 3688 753 3739 Acidal.
807 3692 1052 3740 credamus
1067 3691 1209 3750 facta
1230 3690 1371 3743 Gud.
1405 3692 1581 3743 Moerl.
1608 3693 1822 3758 cuspin.
1855 3694 2089 3745 Rhenan.
2122 3696 2306 3760 Stepb.
2335 3698 2503 3748 Livin.
2533 3698 2601 3747 al.
2620 3706 2743 3747 ante

549 3753 707 3807 Grut.
732 3756 867 3820 quod
895 3758 1160 3806 revocavit
1184 3757 1459 3808 Arum—7
1492 3758 1695 3808 Bertin.
1721 3762 1797 3809 vel
1828 3759 2049 3820 aberium,-
2084 3761 2250 3810 Livin.
2285 3764 2421 3825 conj.
2459 3767 2507 3812 et
2536 3762 2745 3811 uberius.

548 3817 697 3875 Mox,
720 3821 813 3870 Sat
833 3827 1109 3883 argumento
1139 3823 1375 3873 Rbeuau.
1401 3822 1584 3886 Steph.
1618 3825 1786 3875 Lirin.
1808 3826 1875 3873 al.
1899 3834 2030 3875 vett.
2082 3826 2197 3877 Stat
2218 3841 2325 3888 arg.
2348 3828 2577 3891 Guelph.
2602 3827 2744 3877 Gud.

547 3883 723 3934 Moerl.
744 3887 866 3935 Vet.
889 3887 1110 3936 Putean.
1136 3887 1337 3936 Ber-tin.
1359 3888 1489 3937 Exc.
1514 3888 1804 3940 Schonhov.
1827 3889 1982 3940 Grut.
2011 3897 2066 3940 et
2089 3899 2313 3941 receutt.
2359 3893 2545 3944 ratione
2560 3892 2746 3946 servan-i

549 3949 720 4002 Livin.
743 3952 808 4002 P.
831 3952 1012 4016 steph.
1067 3952 1222 4002 Romu
1241 3953 1426 4004 servari
1449 3954 1571 4004 Vet.
1595 3955 1763 4007 Liviu.
1788 3955 2003 4020 Cuspin.
2025 3955 2281 4009 Rhenan.

1536 4075 1761 4127 NOTAE

465 4207 471 4212 .
548 4172 738 4232 tusque
761 4169 1030 4220 victoriam
1054 4172 1248 4235 templa
1274 4172 1528 4236 promisit,
1550 4179 1606 4222 et
1686 4176 2001 4229 militonibus
2024 4174 2186 4228 Deis-⁹
2232 4136 2426 4228 Florus¹
2440 4190 2479 4229 1.
2500 4181 2580 4226 11.
2619 4196 2628 4202 ·

545 4242 779 4298 teddidit
796 4249 947 4312 plane
964 4250 1109 4317 quasi
1128 4250 1443 4315 stipendium
1464 4264 1605 4302 com·
1683 4275 1690 4281 ·
