3084 4959
2485 176 2571 212 ,ν

724 428 906 477 vri-A
954 425 1451 477 mocmrrum
1505 429 1598 477 Εἰ·
1645 428 2114 480 maxumam.
2343 414 2517 482 1139

1103 535 1129 559 Ο

317 577 619 661 Belgicae
660 576 908 642 civitas
945 583 1074 655 est,
1103 576 1170 641 in
1211 576 1494 642 Druidis
1539 576 1824 660 aiicujus
1865 571 2190 661 caupona'
2214 576 2514 646 diversa·

315 689 450 756 tus„
478 701 632 747 cum
662 700 742 745 ea
788 682 1110 745 rationem
1153 682 1258 745 sui
1293 681 1648 746 convictus
1678 682 1962 755 faceret;
2005 679 2151 760 illa,
2197 684 2219 716 ‘
2242 681 2515 748 Diocle-

314 787 513 864 tiane,
545 783 825 849 nimium
856 802 1124 860 avarus,
1152 783 1421 847 nimium
1449 802 1695 867 parcus
1722 780 1845 847 es?
1935 780 2066 847 Cui
2096 782 2318 848 ridens
2348 785 2518 852 Dio·

314 887 684 951 cletianus:
731 890 752 920 ‘
781 884 975 949 Tunc
1007 905 1133 968 ego
1161 884 1411 967 larguS,
1437 904 1591 949 cum
1623 886 1987 969 imperator
2012 883 2249 950 fuero?
2338 886 2516 952 Tum

318 989 565 1056 Druis:
608 988 1093 1067 ‘Diocletiane,
1133 988 1353 1072 jocari
1393 988 1552 1063 noli,
1583 1008 1735 1053 nam
1782 987 2151 1070 imperator
2184 989 2317 1054 eris
2359 987 2513 1055 cum

982 1090 1003 1118 2

317 1089 578 1178 Aprum
625 1091 981 1157 occideris.
1092 1091 1277 1156 Risit
1314 1091 1451 1167 ille,
1482 1098 1936 1155 verumtamen
1969 1089 2135 1156 dicti
2163 1092 2349 1157 illius
2379 1112 2517 1157 me·

319 1215 487 1272 mor,
518 1195 761 1259 mirum
793 1214 998 1279 quam
1041 1213 1195 1259 acer
1229 1194 1316 1258 ab
1347 1213 1430 1257 eo
1462 1201 1762 1278 tempore
1796 1201 2105 1270 venator,
2150 1214 2349 1278 quam
2382 1215 2518 1261 cae·

318 1296 682 1361 dendorum
714 1317 1023 1380 aprorum
1053 1294 1396 1362 studiosus
1420 1295 1621 1360 foret.
1708 1296 1990 1360 Interim
2022 1315 2178 1361 cum
2207 1297 2517 1364 Aurelia·

314 1418 465 1480 nus,
492 1399 796 1478 TacituS,
826 1398 1115 1476 Probus,
1146 1418 1230 1463 ac
1259 1417 1461 1481 porro
1490 1395 1704 1462 Carus
1731 1398 2085 1482 imperium
2116 1402 2520 1484 accepisset,

319 1501 607 1566 subinde
637 1500 1014 1580 dictitabat,
1057 1506 1078 1535 ‘
1108 1499 1252 1583 Ego
1302 1519 1570 1583 semper
1622 1520 1833 1583 apros
1874 1501 2134 1578 occido,
2181 1502 2302 1568 sed
2351 1504 2520 1571 alter

315 1605 522 1670 utitur
565 1603 1044 1689 pulpamento.’
1134 1603 1314 1668 Haec
1368 1623 1523 1668 vera
1566 1624 1652 1668 an
1700 1604 1877 1669 falsa
1908 1606 2064 1683 sint,
2094 1625 2226 1670 non
2258 1611 2519 1687 statuo;

315 1715 495 1772 certe
521 1708 660 1772 ista
690 1708 776 1771 ab
809 1706 1065 1771 Druide
1097 1707 1248 1790 ipsa
1279 1706 1627 1771 audivisse
1675 1727 1877 1773 avum
1919 1728 2116 1790 suum
2148 1709 2352 1775 refert
2382 1710 2518 1777 Vo-

317 1813 552 1896 piscus
581 1811 648 1875 in
682 1810 1125 1874 Numeriano.

590 2012 678 2079 A.
699 2013 786 2079 U.
813 2011 894 2077 C·
942 2028 1118 2077 mn.
1195 2010 1444 2078 Christi
1478 2030 1643 2077 cci..
1720 2013 1918 2079 Decii
1955 2013 2127 2098 Imp.
2166 2031 2250 2079 11.

407 2149 510 2215 M.
538 2147 853 2215 Valerius
884 2149 1338 2215 Maximianus
1371 2149 1746 2216 Herculius
1788 2149 2080 2214 libertini
2123 2151 2327 2216 etiam
2370 2172 2525 2218 san-

319 2255 568 2336 guinis,
621 2253 843 2336 inquit
897 2252 943 2318 J
952 2272 1104 2318 oan.
1155 2254 1333 2337 Bap.
1382 2252 1727 2337 EgnatiuS,
1782 2261 1934 2318 ortu
1984 2253 2251 2335 agresti,
2306 2254 2523 2340 inquit

319 2355 583 2430 Victor,
636 2357 701 2419 in
754 2354 1109 2420 Pannonia
1140 2357 1466 2435 nascitur,
1520 2356 1699 2423 haud
1748 2357 1949 2440 longe
2002 2357 2271 2436 Sirmio,
2321 2379 2523 2442 quern

312 2459 540 2522 locum
592 2457 813 2522 adhuc
865 2465 1067 2523 aetate
1125 2478 1249 2522 sua
1295 2460 1627 2542 insignem
1682 2461 1909 2538 tradit,
1962 2460 2223 2544 palatio
2276 2461 2523 2527 ibidem

317 2567 663 2626 exstructo
710 2561 827 2625 ubi
882 2562 1037 2646 ejus
1094 2571 1409 2646 parentes
1470 2583 1676 2648 opera
1736 2565 2153 2628 mercenaria
2206 2584 2523 2631 exercue-

315 2670 483 2730 rant.

450 2825 538 2892 A.
564 2829 653 2894 U.
673 2827 752 2896 C.
785 2846 1168 2895 mxxxvn.
1248 2831 1497 2897 Christi
1529 2847 1971 2899 cccxxxlv.
2044 2830 2293 2909 Carini,
2324 2837 2397 2895 et

549 2931 948 2998 Numeriani
979 2936 1198 3018 Augg.
1236 2952 1320 2998 ιι.
1390 2935 1686 3001 Dioclet.
1736 2936 1952 3001 AEtat.
1985 2950 2283 3007 xxxvi.

411 3066 888 3132 Diocletianus
919 3068 1195 3133 ardebat
1225 3070 1437 3152 magis
1477 3089 1562 3134 ac
1596 3072 1808 3152 magis
1840 3070 2067 3135 studio
2099 3064 2526 3153 adipiscendi

319 3170 607 3253 imperii,
640 3190 779 3255 quo
820 3170 1086 3254 quidem
1130 3192 1212 3236 eo
1255 3172 1517 3255 dignior
1557 3173 1693 3236 sibi
1736 3172 2106 3249 videbatur,
2139 3170 2322 3254 quod
2356 3169 2527 3235 alios

323 3294 411 3339 ex
452 3273 608 3338 aliis
640 3273 925 3338 honores
966 3275 1306 3356 gessisset.
1397 3273 1612 3357 Igitur
1639 3294 1789 3339 cum
1828 3273 2283 3339 Numerianus
2311 3272 2526 3356 impe-

321 3384 520 3454 rator,
567 3381 755 3460 patre
813 3376 882 3440 in
936 3376 1212 3441 Perside
1259 3396 1472 3459 prope
1516 3375 1770 3459 Tigrim
1823 3378 2097 3456 amisso,
2152 3396 2191 3442 e
2241 3373 2526 3440 Persico

321 3479 508 3544 bello
560 3480 630 3542 in
686 3479 934 3544 lectica
982 3479 1242 3545 rediens
1307 3482 1394 3544 ab
1466 3478 1752 3545 Arriano
1811 3478 2022 3565 Apro,
2082 3498 2315 3545 socero
2372 3497 2525 3566 suc,

324 3584 701 3667 eodemque
765 3583 1063 3667 praetorii
1119 3582 1440 3667 praefecto
1500 3585 1769 3649 occisus
1815 3593 2044 3665 esset3
2104 3602 2173 3648 re
2219 3603 2262 3646 a
2299 3581 2527 3647 militi-

322 3688 452 3753 bus
508 3694 874 3771 comperta,
930 3685 1304 3752 advocatur
1362 3687 1626 3762 concio,
1686 3688 1755 3750 in
1815 3706 1948 3770 qua
2005 3694 2074 3750 et
2141 3684 2525 3768 imperator,

324 3800 393 3855 et
464 3791 668 3875 hujus
752 3791 946 3855 necis
1026 3790 1202 3854 ultor
1287 3798 1718 3874 quaereretur.
1843 3789 1946 3852 lbi
2021 3787 2525 3866 DiocletianuS,

322 3899 459 3958 tum
507 3894 1027 3959 domesticorum
1069 3893 1487 3976 imperatoris
1525 3911 1778 3968 comeS,
1818 3895 1887 3955 et
1928 3889 2204 3955 Moesiae
2249 3890 2530 3973 praesec·

328 4005 462 4074 ωε,
513 3996 814 4061 omnium
859 4016 1195 4061 consensu
1248 3995 1703 4079 proclamatur
1762 3993 2114 4077 Augustus
2165 4008 2300 4058 xv,
2365 3992 2525 4059 Kal.

324 4097 643 4182 Augusti.
737 4096 957 4177 Quam
989 4091 1378 4184 dignitatem
1412 4118 1566 4163 cum
1599 4099 1858 4164 solenni
1892 4097 1976 4162 de
2005 4116 2189 4161 more
2219 4098 2525 4182 accepis-

332 4208 452 4281 set,
475 4201 848 4281 ‘Quoniam
860 4199 1169 4285 jubetiS‚'
1187 4201 1424 4284 inquit,
1450 4205 1561 4266 ‘ut
1579 4200 1665 4266 de
1694 4201 2087 4268 Numeriani
2109 4197 2528 4265 interfectore

332 4313 688 4389 quaeratur,
722 4305 1064 4388 obsequar
1093 4304 1425 4370 voluntati
1458 4304 1740 4372 vestrae.’
1803 4306 1980 4370 Tum
2014 4301 2299 4387 Aprum,
2331 4323 2524 4387 quem
