3084 4959
550 350 725 420 1526

549 515 714 582 tatis
762 520 1104 593 evexerat,
1153 514 1542 581 libertorum
1589 512 1879 578 officium
1929 510 2299 579 dicebatur.
2383 511 2452 578 2.
2496 511 2751 578 Orato-

548 621 712 684 riam
742 618 1008 685 dicendi
1038 618 1454 696 facultatem,
1491 615 1692 679 multi
1727 614 2006 695 laboris,
2039 623 2109 680 et
2147 614 2402 680 minimi
2436 627 2602 680 usus
2627 635 2749 680 ne·-

549 720 824 804 gotium,
859 722 1064 787 nostri
1093 738 1407 805 proceres
1447 718 1892 804 respuebant3
1936 718 2095 784 dum
2124 718 2424 783 homines
2449 717 2752 784 noluisse

548 822 767 888 videri
804 822 1060 901 volunt,
1092 823 1276 906 quod
1306 821 1583 905 assequi
1615 818 2077 905 nequiverunt.
2164 818 2254 884 Et
2305 839 2462 886 vere
2491 824 2748 886 tantum

545 927 821 1005 laboris,
851 924 1362 1009 vigiliarumque
1389 924 1738 1008 suscipere
1765 924 1853 989 ad
1886 924 1958 989 id
1985 922 2521 1008 adipiscendum,
2552 921 2750 1006 cujus

546 1047 714 1094 usus
757 1029 1037 1112 agendae
1076 1029 1236 1093 vitae
1277 1034 1668 1093 ornamenta
1696 1046 1827 1092 non
1855 1025 2224 1112 adjuvaret,
2256 1024 2596 1091 dementia
2622 1024 2748 1090 du-

444 1142 469 1163 ·
548 1131 847 1197 cebatur.
932 1131 998 1196 3.
1044 1130 1282 1215 Itaque
1331 1137 1476 1195 erat
1522 1146 1719 1194 omne
1769 1129 2060 1195 studium
2111 1128 2419 1214 pecunias
2468 1147 2751 1193 coacer-

548 1232 811 1299 vandae.
884 1233 1114 1299 Tanto
1135 1235 1357 1298 enim¹¹
1401 1232 1505 1299 vir
1535 1232 1828 1316 quisque
1852 1232 2115 1310 melior,
2148 1238 2408 1315 quanto
2426 1231 2748 1315 pecunio-

546 1337 686 1401 sior
741 1336 1129 1402 habebatur.
1212 1338 1282 1402 4.
1333 1335 1381 1402 J
1386 1356 1493 1402 am
1558 1335 1895 1402 serviendi
1965 1333 2343 1400 miseranda
2392 1333 2749 1419 patientia,

548 1438 939 1504 assentandi
1000 1439 1165 1503 mira
1224 1438 1586 1504 calliditaS.
1695 1438 2157 1504 Ministrorum
2216 1438 2393 1503 aulae
2444 1437 2750 1522 quotidie

545 1540 783 1609 limina
810 1543 1214 1607 terebantur.
1299 1543 1365 1607 5.
1411 1541 1523 1607 Ad
1552 1542 1727 1607 fores
1757 1561 2011 1620 eorum,
2045 1541 2160 1625 qui
2182 1541 2380 1624 regiis
2408 1540 2749 1624 cupidita·-

546 1644 723 1709 tibus
753 1643 1163 1722 serviebant,
1205 1647 1428 1708 ternos
1466 1644 1776 1729 patriciae
1816 1646 2035 1728 gentis
2062 1644 2291 1709 viros⁰
2334 1662 2630 1709 cerneres
2655 1645 2748 1708 ab

1002 366 1450 418 MAMERUNI
1500 365 1973 417 GRATIARUM.
2014 365 2240 415 Ac'rto

1463 1794 1583 1815 mo
1587 1794 1824 1815 ‘coeo-eoo

610 1891 748 1943 CAP.
786 1905 889 1945 xx.
958 1896 985 1943 1
1020 1892 1235 1943 Manlios
1257 1893 1376 1943 edd.
1397 1899 1529 1946 vett.
1552 1895 1769 1946 evexerit*
1786 1893 1912 1945 Ald.
1934 1899 1989 1944 et
2011 1892 2125 1944 aliae
2143 1891 2264 1943 edd.
2287 1898 2411 1942 ante
2432 1892 2666 1942 Patarol.
2684 1897 2746 1943 et

543 1957 737 2018 δωρον.
772 1963 994 2008 evexerat
1016 1959 1148 2010 Exc.
1171 1961 1335 2023 Lang.
1367 1960 1436 2010 al.
1459 1976 1546 2026 ap.
1568 1962 1806 2011 Rhenau.
1826 1968 1885 2010 ut
1906 1961 2048 2024 conj.
2067 1958 2274 2009 Acidal.
2292 1958 2470 2009 extalis
2490 1958 2619 2008 Vet.
2636 1958 2749 2006 Pu·

545 2030 688 2072 teau.
719 2025 879 2074 evexit
901 2024 1144 2074 vatican.
1183 2025 1511 2077 libertinorum
1530 2027 1709 2076 Moerl.
1743 2027 2000 2092 artificium
2020 2025 2266 2076 dicebatur
2280 2024 2401 2074 edd.
2418 2031 2538 2074 ante
2561 2023 2748 2073 Arntz.

545 2087 803 2156 artificium
835 2090 1091 2140 ducebatur
1126 2091 1260 2176 conj.
1296 2090 1498 2140 Acidsl.
1540 2093 1744 2156 officium
1780 2092 2023 2142 dicebatur
2056 2089 2385 2153 Guelph.—2
2434 2089 2453 2118 ‘
2481 2090 2745 2152 corrupte

546 2153 772 2217 Guelpb.
793 2156 991 2205 voluisse
1009 2156 1214 2206 videtur.
1267 2154 1452 2207 Arntz'.
1520 2164 1537 2187 ‘
1558 2154 1741 2207 Scribe
1769 2156 1955 2220 assequi
1985 2153 2227 2207 saleim?
2259 2154 2426 2206 Liviu-
2490 2155 2561 2204 Et
2581 2169 2746 2205 verum

543 2219 669 2267 Ver.
692 2219 919 2271 Puteau.
985 2221 1055 2269 Et
1084 2235 1194 2271 vero
1215 2221 1354 2285 conj.
1385 2222 1611 2273 Putesu.
1643 2230 1699 2272 et
1731 2221 1938 2272 Acidal.
1968 2222 2039 2271 Et
2060 2221 2172 2282 sere
2208 2219 2390 2271 Arntz.
2454 2218 2471 2248 ‘
2493 2220 2637 2270 Male
2658 2220 2747 2271 ed.

544 2282 781 2335 Rhenan.
802 2284 1072 2349 suspicere!
1104 2284 1271 2336 Idem.
1318 2287 1383 2335 ud
1417 2287 1771 2351 adipiscendum
1808 2287 1927 2337 edd.
1955 2295 2078 2336 ante
2100 2286 2283 2336 Arntz.
2304 2286 2369 2335 ad
2389 2284 2441 2334 id
2460 2285 2591 2348 adip.
2616 2286 2745 2336 Vet.

543 2348 769 2401 Patr-an.
790 2350 965 2400 Moeri.
988 2359 1045 2400 et
1062 2349 1293 2415 Guelph.
1310 2354 1541 2412 <lugende
1574 2354 1690 2403 vitoe
1713 2353 1836 2401 vet.
1859 2354 2083 2403 Putean.
2148 2352 2258 2402 Pro
2288 2355 2583 2412 ornamenta,
2604 2349 2747 2414 quod

545 2423 760 2465 servant
794 2415 917 2463 Ver.
941 2416 1105 2466 Lirin.
1128 2417 1334 2466 Bertin.
1366 2418 1541 2466 Μαι-1.
1580 2419 1709 2469 Exc.
1743 2418 2035 2469 Schonhov.
2057 2417 2284 2481 Guelph.
2307 2416 2525 2480 cuspin.
2544 2423 2601 2466 et
2622 2415 2749 2465 edd.

546 2487 770 2530 reeentt.
804 2480 1099 2531 erudimenta
1133 2481 1380 2532 exhibent
1419 2482 1635 2533 Puteal.
1676 2484 1905 2545 Rhenan.
1939 2483 2011 2534 H.
2043 2482 2228 2546 steph.
2263 2481 2436 2530 Liviu.
2471 2480 2646 2532 Rivin.
2675 2483 2746 2532 sl.

544 2552 665 2596 ante
690 2545 940 2596 (ἔται-8
976 2546 1143 2610 ltaque
1161 2562 1294 2597 ome
1316 2547 1438 2596 edd.
1458 2557 1583 2599 aute
1604 2547 1793 2600 Arntz.
1854 2550 2024 2614 Itaque
2043 2554 2146 2598 erut
2168 2550 2223 2597 in
2241 2562 2375 2596 ome
2402 2546 2528 2595 Vct.
2548 2547 2743 2597 Putea-

544 2610 633 2671 ni3
667 2611 801 2660 unde
824 2611 912 2660 ille
935 2611 1072 2674 conj.
1107 2613 1278 2676 Itaque
1305 2617 1412 2662 erat
1444 2613 1508 2663 iis
1528 2629 1697 2674 omn,-
1729 2615 1903 2664 Moerl.
1922 2621 1977 2664 et
1998 2613 2225 2676 Gnelph.
2260 2611 2430 2676 Itaque
2461 2618 2566 2662 erat
2592 2627 2744 2663 omne.

539 2677 556 2703 ⁴
583 2676 687 2727 Pro
713 2677 943 2740 pecuniae,
977 2677 1109 2726 male
1149 2677 1375 2741 Guelpb.
1414 2679 1698 2741 patientia?
1729 2679 1910 2729 Arntz.
1973 2680 2122 2741 Mox,
2162 2678 2242 2727 vir
2278 2675 2429 2726 deest
2466 2677 2517 2727 in
2558 2677 2742 2726 eedem

543 2741 757 2794 θοὰ-4
791 2742 876 2792 Itu
891 2742 1128 2793 serviendi
1159 2744 1291 2793 citat
1325 2743 1469 2809 Lips.
1499 2744 1672 2809 Epist.
1704 2746 1906 2799 Quaest.
1928 2757 2016 2794 ιιι.
2035 2748 2119 2795 24.
2149 2743 2447 2794 seruiendum
2468 2742 2744 2793 Puteol.—-

1531 2874 1748 2927 80¹1·AE

543 2970 730 3035 purnio
748 2963 938 3021 Pisone
960 2968 1080 3035 fuit,
1112 2976 1167 3022 et
1190 2969 1431 3037 pontifex
1449 2970 1608 3022 maxi·
1676 2972 1730 3022 Is
1753 2986 1969 3037 magnus
2002 2972 2071 3025 Q.
2091 2971 2250 3022 Mutii
2284 2971 2319 3023 S
2407 2970 2540 3023 vola
2571 2966 2744 3021 imita-

541 3046 680 3098 r'nus.
744 3046 901 3097 Hune
920 3046 987 3096 de
1014 3048 1137 3112 jure
1169 3048 1311 3098 civili
1335 3048 1518 3099 decem
1549 3049 1610 3098 li·
1676 3055 1761 3100 tor
1781 3047 1899 3110 fuit,
1925 3064 1956 3098 a
1976 3063 2079 3114 quo
2104 3047 2172 3098 ad
2198 3048 2334 3113 juris
2370 3047 2540 3125 ervilis
2571 3048 2742 3098 scien·

540 3123 662 3173 bros
696 3123 966 3186 scripsisse
1007 3123 1172 3175 tradit
1209 3125 1526 3176 Plutarchus
1555 3124 1607 3175 in
1677 3126 1804 3177 tiam
1846 3126 2108 3176 excitatur
2145 3125 2223 3175 his
2257 3125 2429 3175 verbis
2452 3142 2469 3176 ε
2519 3130 2536 3155 ⁸
2557 3125 2743 3189 Turpe

540 3199 701 3264 Sylla.
771 3199 941 3264 Hujus
974 3198 1111 3250 filius
1149 3201 1216 3254 Q·
1236 3202 1436 3252 Mutius
1469 3203 1603 3253 Scae·
1676 3211 1758 3254 est
1779 3202 2000 3266 patricio
2035 3216 2217 3252 causas
2239 3203 2426 3259 oranti,
2448 3201 2616 3267 jusiu
2638 3215 2743 3266 quo

543 3276 682 3339 vola,
716 3275 913 3339 primus
937 3276 1026 3339 jus
1059 3276 1210 3326 civile
1244 3278 1532 3341 generatim
1553 3278 1609 3330 iu

539 3353 704 3403 libros
742 3356 824 3402 18.
865 3351 1119 3416 digessitz
1153 3352 1399 3416 plurimos
1426 3354 1607 3405 habuit

540 3429 803 3480 auditores
844 3428 1189 3491 clarissimos3
1234 3430 1304 3481 sb
1340 3445 1404 3482 eo
1442 3433 1607 3483 multa

541 3505 785 3556 didicisse
847 3519 903 3556 se
961 3506 1036 3555 ait
1081 3505 1302 3558 Tullius.
1368 3508 1605 3559 Eundem

542 3585 758 3634 Crassus
782 3581 1206 3647 jurisperitorum
1244 3584 1605 3649 eloquentissi-

537 3674 697 3724 mum,
723 3667 780 3711 et
820 3660 1174 3723 eloquentium
1207 3660 1605 3724 jurisperitissi·

538 3751 678 3786 mum
700 3734 840 3800 apud
860 3735 1090 3785 Tullium
1115 3738 1431 3799 appellabat.
1479 3739 1607 3789 Fuit

539 3819 801 3876 praeterea
839 3812 973 3862 alter
1010 3811 1078 3864 Q.
1122 3812 1323 3861 Mutius
1366 3816 1605 3865 Scoevols

539 3904 724 3952 augur,
760 3902 915 3951 quem
943 3887 1133 3937 Cicero
1173 3888 1517 3940 disserentem
1549 3891 1603 3941 in

540 3965 677 4014 libro
700 3965 780 4014 De
804 3963 1055 4014 Amicitia
1091 3964 1398 4030 introducit,
1436 3982 1467 4016 a
1501 3983 1605 4033 quo

530 4040 621 4104 jus
655 4040 809 4091 civile
832 4039 1076 4089 didicisse
1100 4054 1155 4088 se
1180 4041 1471 4102 profitetur.
1535 4045 1603 4094 E·

525 4116 622 4165 ‘rat
645 4117 688 4164 is
711 4116 857 4166 Lam
883 4128 1067 4179 gener,
1084 4115 1260 4166 Crassi
1283 4133 1452 4169 socer.

604 4197 640 4222 ¹¹¹
672 4190 882 4254 Servios]
936 4191 1003 4240 Ρ.
1042 4192 1277 4241 Servium
1321 4196 1602 4259 sulpitium

543 4276 672 4334 puts
706 4268 795 4333 qui
830 4282 913 4320 au.
952 4268 1018 4318 U.
1042 4268 1240 4318 Caua.
1270 4275 1450 4323 consul
1485 4273 1604 4327 suit.

1677 3287 1918 3330 versatur
1948 3276 2226 3342 ignorare?
2279 3277 2525 3329 Omnium
2550 3277 2744 3341 primus

1677 3355 1998 3406 dialecticam
2026 3354 2136 3419 juri
2171 3353 2425 3416 adhibuit,
2465 3359 2522 3404 et
2558 3353 2745 3403 ordine

1676 3431 1900 3496 quodam
1944 3439 2176 3481 tractare
2229 3431 2407 3496 coepit.
2498 3430 2743 3482 Ciceroni

1673 3507 1775 3558 fnit
1807 3507 2250 3566 familiarissimus.
2289 3509 2379 3573 qui
2428 3515 2487 3559 et
2537 3507 2638 3573 ipsi
2671 3507 2743 3558 ad

1673 3585 1953 3647 Mutinam,
1991 3599 2094 3649 quo
2149 3584 2216 3634 ad
2268 3584 2579 3650 placandam
2632 3585 2744 3635 elo·

1672 3663 1885 3728 quentia
1910 3677 2004 3711 sua
2025 3660 2308 3712 Antonium
2336 3677 2368 3711 a
2405 3669 2589 3712 senatu
2620 3662 2744 3712 mis-

1674 3755 1760 3790 sus
1784 3748 1916 3797 erat,
1939 3745 2163 3804 mortuo,
2187 3745 2412 3791 statuam
2436 3752 2626 3790 aream
2650 3755 2746 3804 pe·

1675 3819 1900 3867 destrem
1943 3818 1994 3866 in
2037 3817 2217 3866 rostris
2261 3815 2452 3880 posuit.
2516 3817 2599 3867 De
2640 3817 2744 3868 hoc

1674 3907 1813 3957 saepe
1836 3892 1975 3957 apud
1994 3892 2218 3943 Tullium
2240 3893 2439 3943 mentio
2460 3900 2560 3945 est.

1738 3978 1764 4006 ¹¹
1800 3972 1956 4021 Tamo
1998 3968 2149 4032 esim]
2201 3968 2450 4023 Juvenal.
2495 3969 2611 4019 Sat.
2648 3982 2742 4019 nr.

1676 4050 1789 4097 143.
1824 4047 1840 4074 ‘
1859 4046 2121 4099 Quantum
2145 4046 2363 4112 quisque
2383 4060 2477 4096 sua
2507 4060 2747 4097 nummo·

1675 4139 1786 4177 rum
1810 4132 1985 4175 servat
2010 4125 2060 4175 iu
2083 4139 2223 4188 arca,
2243 4126 2470 4175 Tantum
2505 4124 2665 4176 habet
2685 4130 2747 4177 et

1672 4199 1814 4252 fidei.

1736 4285 1760 4310 ⁰
1796 4279 1972 4329 Temos
1987 4276 2211 4342 patricie
2228 4276 2393 4341 gentis
2406 4275 2561 4341 siros]
2591 4278 2747 4344 Lege
