3084 4959
544 823 1229 936 CLAUDII
1352 830 2362 941 MAMERTINI..
2451 966 2456 973 ὁ

1101 1106 1253 1160 PRO
1292 1107 1736 1161 CONSULATU

964 1287 1539 1353 GRATIARUM
1586 1293 1865 1355 ACTIO

791 1538 1321 1624 JULIANO
1400 1540 2003 1627 AUGUSTO«

960 2015 1325 2067 SYNOPSIS
1370 2017 1873 2072 PANEGYRIGI.

316 2125 384 2180 Iu
411 2128 637 2184 Exordio
661 2134 838 2186 reddit
865 2136 1119 2187 rationem
1148 2151 1243 2187 cur
1272 2151 1370 2205 pro
1397 2137 1713 2205 praefectura
1735 2138 1908 2189 erarii
1929 2144 1984 2188 et
2013 2144 2247 2204 praetura
2269 2153 2385 2189 cum
2408 2138 2503 2192 Ju-

376 2213 512 2264 liano
534 2215 837 2280 imperatori
853 2220 1048 2283 gratias
1068 2217 1169 2270 buc
1191 2233 1355 2284 usque
1376 2234 1478 2270 non
1494 2221 1681 2285 egerit,
1699 2219 1750 2269 id
1769 2234 1924 2284 agere
1941 2220 2120 2270 consul
2137 2221 2502 2285 aggrediatur:

373 2294 511 2357 quod
533 2311 719 2362 nempe
741 2299 795 2348 in
815 2290 1072 2363 prioribus
1092 2300 1436 2364 dignitatibus
1469 2301 1757 2365 imperator
1779 2307 1870 2351 aut
1891 2317 1998 2352 suae
2020 2302 2111 2352 aut
2143 2302 2363 2365 publicae
2399 2303 2503 2356 uti-

373 2376 539 2429 litatis
559 2381 810 2430 rationem
832 2382 1024 2432 habere
1046 2381 1214 2434 videri
1235 2384 1505 2449 potuerit;
1538 2385 1592 2434 in
1615 2384 1891 2435 consulatu
1914 2399 2037 2436 vero
2059 2382 2232 2433 dando
2253 2384 2366 2451 ejus
2388 2390 2502 2441 tan—

374 2465 505 2521 tum,
522 2461 610 2511 cui
631 2461 785 2512 datus
806 2472 908 2515 est.

310 2528 709 2593 Dis'rrunu‘rio:
752 2544 929 2595 Prima
944 2544 1096 2610 liujus
1112 2532 1363 2597 orationis
1382 2551 1533 2611 parte
1551 2545 1878 2612 imperatoris
1900 2545 2118 2596 virtutes
2136 2554 2372 2597 recenset
2388 2563 2404 2610 ;
2428 2544 2502 2598 al-

373 2627 487 2671 tera
511 2638 603 2685 pro
620 2632 837 2689 accepto
857 2629 1131 2678 consulatu
1153 2628 1339 2691 gratias
1362 2628 1488 2690 agit.

309 2698 357 2748 1.
390 2702 560 2753 Pus.
593 2705 909 2770 Perstringit
936 2708 1049 2772 ejus
1074 2707 1339 2772 victorias,
1364 2712 1605 2770 receptas
1634 2707 1750 2775 eJus
1769 2706 1965 2756 virtute
1988 2707 2205 2768 Gallias,
2228 2707 2500 2756 subactam

372 2797 524 2846 paene
563 2799 762 2837 omnem
795 2788 1109 2856 barbariam,
1148 2804 1267 2854 cap.
1307 2802 1396 2838 ιιι.
1461 2789 1663 2838 Iterum
1693 2789 1759 2837 de
1791 2788 1955 2839 Gallis
1977 2796 2087 2838 tum
2113 2805 2143 2838 a
2165 2789 2499 2838 barbarorum

372 2866 642 2931 vastitate,
672 2875 783 2919 tum
819 2884 852 2920 a
878 2871 1116 2935 judicum
1148 2871 1334 2936 quibus
1369 2870 1646 2921 subessent
1668 2870 1943 2934 tyrannide
1964 2877 2021 2920 et
2043 2870 2264 2919 avaritia
2279 2869 2501 2934 ereptis.

369 2945 572 2998 deletos
587 2948 892 3013 Germanos,
908 2951 997 3016 jus
1019 2951 1341 3012 restitutum,
1353 2951 1658 3002 emendatos
1673 2951 1783 3015 ejus
1800 2951 2044 3003 virtutum
2061 2950 2298 3014 exemplo
2314 2964 2504 3012 mores,

369 3042 486 3094 cap.
524 3042 605 3079 ιν.
671 3032 802 3083 Qun
836 3032 1008 3082 omnia'
1037 3033 1218 3085 mirum
1256 3038 1501 3096 quantum
1530 3047 1559 3081 a
1582 3031 1791 3083 Juliano
1814 3030 2182 3082 Constantium
2204 3030 2499 3087 alienarint,

374 3123 493 3174 cap.
526 3112 583 3160 ‘v-
644 3111 884 3164 Julianus
915 3112 972 3163 in
1004 3114 1178 3165 medio
1217 3112 1416 3178 Illyrici
1456 3113 1573 3162 sinu
1611 3113 1898 3176 derepente
1934 3112 2105 3175 adest,
2125 3111 2209 3163 bic
2228 3116 2284 3160 et
2304 3099 2499 3176 ubique

310 3240 311 3245 ,
363 3192 553 3255 victor,
586 3208 706 3259 cap.
732 3208 810 3249 vt·
872 3195 1069 3249 Istrum
1092 3194 1309 3249 navibus
1331 3195 1643 3245 transcurrit
1668 3193 1997 3245 barbarorum
2022 3201 2223 3243 terrore
2245 3197 2414 3254 tanto,
2435 3198 2497 3243 nt

366 3277 625 3339 supplices
654 3277 855 3330 veniam
878 3284 1085 3343 petant,
1108 3292 1225 3341 cap.
1260 3291 1367 3329 vu.
1430 3276 1515 3329 Ad
1548 3276 1781 3339 Adriam,
1816 3275 2159 3340 Tyri-benum,
2194 3273 2496 3327 Maeotidem
2562 3271 2566 3277 '

306 3380 312 3386 ·
365 3366 563 3421 pugnat
584 3366 641 3408 et
662 3359 841 3423 vincit,
864 3358 1159 3424 Nicopolim
1183 3359 1456 3417 instaurat,
1479 3358 1777 3409 Eleusinum
1811 3363 1869 3407 et
1900 3356 2028 3406 alias
2057 3354 2405 3415 Macedonia,
2423 3355 2498 3427 ,1¹⁴

361 3437 530 3500 lyrici,
551 3447 605 3488 et
639 3441 989 3504 Peloponnesi
1005 3440 1250 3491 civitates
1281 3440 1535 3506 restituit,
1557 3455 1674 3506 cap.
1701 3453 1782 3490 ix.
1847 3438 2064 3488 Patiens
2085 3437 2276 3488 laboris
2299 3435 2496 3498 bellici,

363 3522 613 3569 castrensi
635 3520 754 3571 cibo
787 3530 1086 3583 contentus,
1112 3537 1228 3588 cap.
1247 3537 1329 3579 xl·
1393 3522 1502 3574 Sibi
1535 3536 1709 3586 asper,
1730 3521 1784 3571 in
1807 3520 1934 3571 alios
1955 3518 2144 3577 facilis,
2169 3517 2269 3567 sibi
2289 3531 2495 3583 parcus,

358 3598 418 3673 in
440 3600 567 3650 alios
586 3601 837 3665 liberalis,
858 3618 972 3668 cap.
1001 3614 1110 3657 ιιι.
1172 3605 1381 3671 Castus,
1412 3606 1465 3655 in
1493 3605 1680 3654 castris
1716 3608 2020 3667 perpetuus,
2047 3615 2166 3663 cap.
2202 3612 2336 3649 xm.
2401 3598 2493 3652 Sic

365 3688 639 3745 peragrata
674 3682 905 3733 victoriis
935 3683 1158 3734 Thracia
1185 3684 1253 3734 de
1289 3683 1607 3736 sublevanda
1629 3683 1771 3734 urbis
1795 3697 2011 3734 annonas
2034 3681 2255 3747 penuria
2275 3680 2496 3745 cogitata

362 3776 481 3827 cap.
508 3776 624 3813 xiv.
1496 3803 1505 3809 .

298 3844 379 3895 11.
410 3845 580 3895 Paris.
614 3846 957 3909 Imperatoris
978 3846 1031 3896 in
1049 3861 1107 3897 se
1127 3842 1440 3897 beneficium
1456 3844 1759 3911 amplificat,
1782 3843 1919 3911 quod
1936 3844 2258 3894 consulatum
2272 3858 2490 3909 accepe-

359 3927 432 3979 rit
467 3941 575 3976 non
604 3927 841 3985 meritus,
876 3928 1016 3994 quod
1050 3928 1105 3981 in
1134 3940 1332 3981 summa
1362 3928 1585 3978 virorum
1616 3928 1866 3978 bonorum
1889 3927 2061 3988 copia,
2083 3924 2222 3990 qnod
2244 3926 2492 3976 minorem

358 4006 719 4071 magistratum
745 4018 949 4072 petens.
970 4008 1107 4074 quod
1130 4009 1245 4059 sine
1266 4008 1625 4073 largitionibus
1653 4015 1711 4057 et
1740 4007 2001 4057 ambiendi
2031 4005 2235 4070 labore,
2261 4006 2398 4070 quod
2433 4006 2489 4061 in

359 4089 505 4137 tenui
524 4103 577 4138 re
601 4096 656 4139 et
678 4089 940 4140 ambiendi
960 4092 1183 4155 ignarus,
1199 4091 1307 4141 voti
1326 4104 1540 4154 compos
1556 4087 1670 4141 fieri
1687 4102 1945 4154 nunquam
1963 4087 2237 4152 potuisset,
2255 4100 2374 4152 cap.
2389 4101 2488 4143 xv,

360 4171 510 4222 Quod
536 4184 639 4221 nno
659 4170 947 4238 eodemque
977 4183 1115 4222 anuo
1143 4172 1314 4222 aerarii
1349 4170 1543 4235 publici
1580 4184 1725 4232 cura,
1758 4169 2095 4234 praefectura,
2125 4176 2181 4219 et
2214 4170 2486 4225 consulatu

360 4250 632 4317 insignitus
654 4252 743 4319 sit,
766 4268 884 4319 cap.
911 4267 1063 4306 xxii.
1135 4254 1293 4306 Redit
1323 4252 1388 4333 ad
1420 4252 1957 4306 commemorationem
1982 4251 2231 4303 virtutum
2264 4251 2486 4317 impera,
