3084 4959
1077 343 1347 395 nunu
1396 345 1698 395 noui.
2281 329 2455 404 1553

261 495 668 581 ignoramus,
723 490 1298 577 proconsulatum.
1408 491 1629 577 Igitur
1685 491 1940 578 ubique
1995 491 2085 559 ab
2134 490 2454 570 Ausonio

199 611 204 615 ·
260 596 623 684 proconsul
662 594 1063 680 appellatur.
1150 593 1245 658 Et
1287 593 1462 660 forte
1507 595 1599 659 ob
1626 596 1993 661 orationem
2025 614 2241 671 suam,
2268 597 2455 668 illam

258 706 665 767 consecutus
686 706 796 766 est
816 717 860 763 a
875 696 1308 763 Theodosio
1287 716 1357 761 in
1384 697 1608 783 patria
1632 717 1757 762 sua
1783 696 2190 781 dignitatem.
2260 697 2458 774 Ami-

259 803 416 870 citia
455 821 613 868 cum
642 798 953 866 Ausonio
992 797 1197 863 etiam
1238 797 1716 882 Symmachum
1747 799 2137 882 praefectum
2168 802 2352 870 urbis
2383 808 2458 870 et

258 903 603 972 consulem
633 899 1039 966 ordinarium
1077 899 1475 985 complexus
1506 906 1650 981 est;
1696 899 1816 984 qui
1856 900 2060 967 etiam
2099 906 2319 969 ternas
2363 903 2459 970 ad

259 1025 415 1072 eum
458 1003 732 1089 scripsit
773 1001 1147 1086 Epistolas,
1185 1021 1339 1085 quae
1391 1011 1459 1067 et
1504 1002 1706 1068 hodie
1750 1001 1925 1069 inter
1971 1002 2119 1090 ejus
2154 1006 2457 1089 reliquas

253 1113 633 1192 supersunt.
720 1105 1302 1189 Intelligimusque
1330 1124 1419 1170 ex
1450 1106 1539 1170 iis
1580 1106 1786 1172 etiam
1815 1106 2189 1185 Leontium,
2222 1107 2455 1193 Olym-

258 1214 577 1295 piumque
622 1207 938 1274 habuisse
990 1209 1159 1273 inter
1206 1206 1487 1274 amicos.
1577 1206 1989 1294 Quanquam
2033 1209 2163 1295 Ep.
2200 1227 2312 1276 lx.
2343 1212 2453 1280 58.

258 1313 488 1378 nescio
532 1329 738 1398 quam
794 1310 946 1395 ejus
1005 1310 1442 1395 pertinaciam
1500 1310 1576 1376 in
1632 1311 1734 1377 ira
1784 1313 2141 1379 adversum
2198 1315 2457 1381 amicos

260 1417 461 1482 etiam
520 1414 856 1482 servanda
909 1413 1196 1498 prodere
1244 1413 1692 1498 Symmachus
1743 1416 2070 1481 videatur.
2168 1417 2457 1496 Floruit,

258 1517 822 1603 quemadmodum
854 1516 1002 1602 jam
1036 1534 1127 1581 ex
1161 1515 1509 1601 praedictis
1537 1525 1826 1596 constat,
1851 1517 2227 1584 Theodosii
2258 1519 2458 1604 Mag-

256 1622 350 1700 ni,
397 1618 760 1699 Valentini,
806 1626 878 1685 et
934 1617 1233 1683 Honorii
1290 1618 1736 1704 temporibus.
1824 1618 2031 1685 Vixit
2080 1627 2326 1699 autem,
2377 1630 2458 1690 ut

257 1724 516 1809 opinor,
565 1724 858 1789 maxime
903 1721 975 1787 in
1023 1721 1279 1806 patria:
1343 1728 1524 1785 certe
1569 1721 1894 1788 redeundi
1943 1721 2109 1788 illuc
2150 1722 2459 1793 absoluta

260 1827 559 1893 oratione
617 1826 908 1892 animum
968 1823 1307 1902 habuisse,
1362 1825 1516 1907 ipse
1577 1826 1748 1891 satis
1803 1824 2119 1903 ostendit,
2171 1835 2244 1891 et
2290 1847 2457 1894 non-

257 1931 425 2008 nihil
468 1931 679 1997 literae
733 1928 822 1996 ad
868 1929 1090 2011 ipsum
1138 1927 1225 1991 ab
1269 1927 1509 1994 amicis
1561 1929 1831 2012 scriptae
1875 1926 2180 1995 indicare
2222 1931 2456 1999 viden-

259 2041 388 2101 tur.
476 2032 665 2115 Quin
704 2039 772 2097 et
815 2029 1132 2097 Sidonius
1169 2050 1325 2095 eum
1370 2029 1562 2097 velut
1617 2030 1957 2114 singulare
2006 2030 2458 2118 Nitiobrigum

259 2143 742 2215 ornamentum,
772 2134 1303 2220 eruditionisque
1340 2153 1423 2200 ac
1468 2134 1816 2219 elegantiae
1862 2134 2252 2220 exemplum
2276 2157 2460 2204 com-

257 2240 555 2306 mendat.
661 2236 1010 2318 Quamdiu
1067 2236 1330 2316 vixerit,
1387 2237 1750 2321 quandove
1810 2243 2115 2302 mortuus
2169 2239 2266 2308 sit
2323 2260 2462 2306 non

257 2349 553 2411 constat:
599 2341 688 2407 ad
728 2341 994 2407 Sidonii
1032 2348 1305 2416 aetatem
1344 2346 1566 2408 tamen
1603 2359 1741 2406 non
1773 2340 2110 2426 pertinuit.
2200 2341 2362 2409 Fuit
2389 2350 2461 2412 et

257 2449 435 2514 alius
465 2446 767 2512 Pacatus
789 2443 1295 2511 Alexandrinus
1324 2443 1820 2528 grammaticus,
1840 2440 2038 2527 cujus
2058 2446 2461 2517 mentionem

254 2552 425 2619 facit
465 2549 737 2615 Suidas.
822 2547 1404 2627 Quemadmodum
1445 2554 1517 2613 et
1562 2547 1738 2614 alius
1787 2546 2167 2630 Drepanius
2210 2567 2458 2634 cogno-

260 2647 484 2722 mento
516 2652 777 2730 Florus,
804 2650 1372 2737 hymnographus.
1459 2649 1603 2717 Sed
1630 2651 1683 2717 ii
1710 2649 1808 2716 nil
1834 2648 1921 2715 ad
1948 2655 2249 2716 nostrum
2276 2651 2457 2721 hunc

263 2756 676 2840 Drepanium
705 2752 1059 2820 Pacatum.

395 4334 573 4400 Daph.
588 4338 634 4384 el
667 4333 785 4385 Vtar.
807 4333 940 4386 clau.
1201 4325 1386 4394 Panes.
1414 4328 1520 4382 Vct.
2223 4327 2254 4374 5
2288 4321 2331 4373 F
