3084 4959
860 381 1361 434 mocbn‘rmm
1412 382 1506 434 nr
1558 382 2023 433 maximam.
2375 368 2547 434 1141

328 535 656 598 evocatus
683 545 927 613 magno
958 528 1370 614 populorum
1400 528 1703 594 omnium
1734 529 1984 614 plausu
2011 532 2079 592 et
2110 525 2548 592 acclamatio-

331 655 419 702 ne
446 640 777 718 exceptus
806 639 936 707 est.
1005 632 1258 715 Paneg.
1291 648 1398 700 vi.
1428 631 1494 698 8.
1562 632 1819 698 Eodem
1852 631 1966 696 die
1996 629 2157 695 inde
2187 631 2258 694 in
2277 628 2548 694 Gallias

331 738 640 814 mittitur,
671 736 760 800 ad
800 756 1001 821 quam
1033 734 1541 820 expeditionem
1575 735 1906 819 legionem
1937 733 2359 810 Thebanam,
2392 752 2549 815 quae

331 839 531 905 6666.
575 840 866 904 militum
896 844 1063 917 erat,
1094 857 1323 904 secum
1354 839 1664 904 abduxit.
1752 836 2022 902 Gallias
2062 835 2249 899 brevi
2296 854 2412 898 seu
2459 834 2552 912 vi,

285 1023 293 1029 ἡ
332 960 455 1006 seu
488 940 842 1025 prudentia
870 940 1172 1024 pacavit.
1261 940 1489 1025 Atque
1541 940 1697 1005 hinc
1740 938 2111 1004 Herculius
2155 938 2376 1003 dictus
2416 943 2549 1015 est,

332 1043 522 1129 quod
556 1042 1062 1130 Diocletianum
1091 1041 1140 1108 J
1142 1043 1395 1121 ovium,
1422 1045 1638 1109 instar
1665 1041 2013 1119 HerculiS,
2041 1040 2130 1108 ad
2160 1039 2545 1125 purgandas

334 1146 653 1211 monstris
682 1145 950 1211 Gallias
992 1147 1387 1231 adjuvisset.
1479 1146 1951 1211 Maximianus
1992 1144 2322 1229 legionem
2374 1144 2543 1208 inte-

330 1267 517 1330 gram
563 1248 788 1314 solitis
829 1249 1178 1331 gentilium
1223 1247 1579 1313 sacrificiis
1626 1248 1839 1332 pollui
1884 1256 2338 1324 recusantem,
2368 1254 2547 1312 trans

331 1349 557 1436 Alpes
577 1350 913 1417 Octoduri
939 1352 1011 1419 in
1034 1351 1361 1437 Veragris
1391 1351 1475 1416 ad
1507 1350 1926 1418 Rhodanum
1953 1351 2177 1417 occidi
2197 1351 2425 1435 jussit.

376 1517 464 1587 A.
489 1520 576 1585 U.
596 1519 674 1585 G.
706 1537 1070 1586 mxxxix.
1151 1519 1308 1586 Chr.
1341 1536 1778 1588 cccxxxvi.
1841 1519 2139 1588 Dioclet.
2170 1518 2350 1602 Imp.
2384 1535 2497 1583 ιιι.

505 1623 728 1692 AEtat.
761 1641 1112 1692 xxxvm.
1165 1624 1452 1690 Maxim.
1483 1624 1665 1709 Imp.
1699 1641 1782 1689 11.
1825 1624 2042 1690 AEtat.
2070 1638 2364 1687 xxxvi.

420 1777 893 1844 Maximianus
921 1778 1250 1845 rediverat
1280 1782 1490 1845 victor
1532 1780 1961 1870 consulatum
1990 1778 2308 1845 Treveris
2336 1778 2536 1843 initu·-

329 1902 465 1948 rus.
555 1881 727 1947 Cum
772 1901 939 1947 ecce
982 1884 1322 1948 nuntiatur
1359 1882 1752 1949 Achilleum
1798 1883 1868 1948 in
1899 1882 2204 1967 AEgypto
2241 1881 2539 1966 tyranni-

332 1984 488 2049 dem
528 1983 893 2050 invasisse:
941 1983 1283 2050 Narseum
1333 1984 1616 2051 Persam
1664 1985 1928 2051 Orienti
1974 1983 2218 2049 bellum
2261 1982 2535 2047 inferre:

332 2086 971 2172 Quinquegentanas
1000 2099 1238 2173 gentes
1268 2089 1338 2153 in
1369 2089 1602 2155 Africa
1630 2091 1927 2155 turbare:
1958 2087 2359 2153 carausium
2382 2085 2542 2151 Bel·

330 2191 486 2274 gico
518 2199 586 2256 et
613 2191 967 2260 Armorico
1000 2199 1218 2259 tractu
1250 2204 1486 2259 contra
1516 2193 1819 2258 Francos
1848 2200 1912 2257 et
1934 2192 2253 2257 Saxonas
2281 2192 2541 2274 piratas

330 2296 614 2361 tutando
642 2294 1064 2380 praefectum,
1087 2296 1386 2362 abducta
1416 2316 1647 2362 secum
1678 2293 1996 2360 Romana
2025 2293 2250 2359 classe
2272 2293 2541 2357 Britan·

327 2397 478 2462 nias
546 2413 932 2482 occupasse
962 2422 981 2463 ε
1045 2400 1558 2483 Burgundiones
1633 2404 1700 2465 et
1759 2396 2150 2474 Alamanos,
2207 2397 2413 2460 immo
2472 2402 2541 2459 et

330 2497 742 2580 Chaibonas,
797 2500 1182 2588 Erulosque
1235 2505 1496 2572 viribus
1551 2504 1807 2587 primos
1865 2502 2317 2575 barbarorum,
2366 2498 2540 2562 locis

327 2604 629 2680 ultimoS,
674 2605 741 2670 in
791 2604 1059 2672 Gallias
1118 2608 1516 2693 irrumpere:
1566 2605 2030 2671 Maximianus
2088 2603 2214 2668 hos
2266 2607 2540 2685 repente

329 2705 616 2771 adortus
645 2706 906 2791 fugavit
933 2709 1331 2794 ceciditque,
1367 2729 1450 2775 ac
1478 2709 1812 2774 Treveros
1852 2707 2074 2772 redux
2119 2724 2366 2787 magno
2396 2723 2541 2767 orn-

326 2811 512 2873 nium
543 2810 796 2894 plausu
823 2819 1153 2896 exceptus
1183 2821 1311 2878 est.
1403 2813 1679 2879 Interim
1707 2811 2176 2877 Diocletianus
2200 2828 2375 2894 opus
2404 2805 2540 2871 sibi

326 2920 637 2978 consorte
687 2913 977 2997 imperii,
1029 2915 1119 2980 ad
1165 2917 1460 3001 reliquos
1513 2925 1740 2981 motus
1797 2912 2334 2998 compescendos
2386 2930 2540 2975 sen·

325 3013 530 3094 tienS,
563 3013 1057 3083 Maximianum
1089 3038 1182 3084 ex
1210 3019 1486 3084 Caesare
1518 3020 1908 3103 Augustum
1942 3017 2111 3081 facit
2142 3012 2304 3078 Kal.
2333 3013 2540 3095 Apri·

324 3116 441 3189 lis,
473 3135 772 3200 moxque
801 3119 871 3182 in
902 3101 1251 3187 Orientem
1283 3122 1631 3188 convolat.
1719 3119 2182 3186 Maximianus
2221 3135 2376 3181 vero
2405 3114 2536 3180 Ca-

322 3218 579 3299 rausio,
601 3237 800 3303 quem
825 3230 1100 3307 propter
1130 3225 1407 3308 publica
1432 3224 1792 3290 latrocinia
1820 3222 2335 3308 proscripserat,
2364 3239 2534 3303 prae·

325 3323 530 3407 cipue
556 3321 881 3403 infensus,
911 3325 981 3389 in
1013 3324 1308 3393 Galliam
1338 3328 1701 3395 contendit.
1792 3327 1904 3394 Ibi
1952 3344 2109 3391 cum
2159 3324 2243 3389 ad
2282 3322 2538 3388 Carau-

325 3426 514 3490 sium.
543 3424 614 3490 in
641 3426 1030 3493 Britannias
1069 3432 1609 3516 persequendum
1642 3432 1925 3497 classem
1967 3429 2216 3494 nullam
2248 3428 2539 3510 reperis·

326 3534 469 3609 set;
515 3548 655 3613 quo
687 3529 1051 3613 perduellis
1082 3533 1268 3599 illius
1300 3537 1472 3601 vires
1494 3534 1850 3612 accideret,
1880 3553 2054 3611 eam,
2086 3552 2237 3616 quae
2259 3527 2531 3595 Rbaetis

326 3630 602 3716 objecta
631 3640 765 3711 est,
797 3630 1180 3703 Germaniae
1212 3644 1470 3722 partem
1500 3638 1866 3721 ingressus,
1897 3625 1967 3700 in
2001 3631 2532 3715 BurgundioneS,

326 3744 396 3798 et
438 3733 842 3812 Alamanos,
892 3746 1170 3822 propter
1222 3742 1569 3807 occultum
1617 3760 1768 3807 curn
1815 3738 2144 3804 Carausio
2185 3734 2411 3800 foedus
2465 3733 2533 3796 in

326 3835 599 3902 Gallias
624 3836 901 3916 effusos,
937 3858 1124 3906 arma
1154 3846 1502 3922 convertit,
1531 3850 1600 3907 et
1631 3863 1754 3908 eos
1783 3841 2029 3926 partim
2057 3839 2263 3917 fame,
2289 3837 2532 3920 partim

238 3941 243 3944 ’
324 3938 502 4002 ferro
533 3938 840 4012 confecit.
887 3939 1141 4027 Paneg.
1170 3961 1254 4010 11.
1284 3947 1352 4012 5.
1440 3946 1837 4012 Chaibonas
1871 3964 2044 4026 vero,
2076 3950 2145 4009 et
2173 3941 2416 4008 Erulos
2442 3939 2531 4004 ad

325 4061 512 4108 mare
545 4041 908 4134 Codanum
941 4046 1260 4130 degentes
1290 4050 1740 4115 internecione
1781 4048 1981 4125 delet,
2021 4049 2385 4130 ipsumque
2415 4062 2532 4106 eo·

326 4164 471 4208 rum
519 4164 745 4226 regem
795 4147 969 4212 iuter
1021 4151 1240 4233 ipsas,
1292 4173 1467 4237 quas
1512 4152 1915 4218 moliebatur
1951 4149 2258 4227 insidias,
2305 4148 2529 4235 capit:
2617 4157 2628 4173 ·

327 4247 565 4338 sicque
594 4246 947 4316 Romanos
990 4252 1243 4320 limites
1277 4258 1366 4322 ad
1410 4257 1711 4324 Danubii
1743 4263 1975 4341 caput,
2008 4263 2209 4342 atque
2242 4251 2410 4317 adeo
2441 4248 2530 4313 ad
