3084 4959
828 389 1175 438 nissam.
1221 390 1328 438 AD
1378 389 1832 441 namneum
1884 394 2159 443 ranae.
2420 380 2592 449 1131

390 530 562 617 Aug.
594 530 814 608 dictus,
862 554 904 595 a
948 531 1361 614 Mamertino,
1413 544 1485 602 ut
1528 544 1818 619 putatur.
1913 537 1994 601 In
2034 559 2155 623 quo
2203 536 2597 605 Diocletiani

337 652 345 661 ·
385 656 628 721 quoque
687 633 901 700 laudes
952 636 1368 718 continentur,
1421 639 1532 724 qui
1588 660 1723 703 cum
1781 638 2180 706 Maximiano
2234 640 2596 725 imperavit.

388 735 613 817 Quam
662 727 1165 823 inscriptionem
1219 741 1423 806 etiam
1492 741 1705 809 Henr.
1758 743 2173 828 Stephanae,
2232 763 2343 809 an.
2394 747 2592 814 1591.

382 841 673 906 retinuit.
760 841 862 908 At
908 862 1017 906 an.
1062 844 1260 910 1576.
1306 844 1569 910 Paulus
1600 845 1899 924 Navius,
1929 847 2324 931 simpliciter
2353 854 2422 913 et
2447 850 2596 915 sine

382 941 812 1008 hoesitatione
858 944 1037 1009 hunc
1088 946 1358 1012 titulum
1403 947 1655 1012 edidit:
1733 945 2168 1037 Panegyricus
2216 948 2597 1017 Mamertini

386 1043 783 1110 Mamiliano
827 1045 1369 1135 Diocletianoque.
1459 1050 1542 1114 In
1592 1060 1979 1133 argumento
2025 1059 2289 1120 autem:
2337 1059 2360 1089 ‘
2390 1052 2593 1120 Asbi-

383 1147 568 1224 tror,’
614 1148 859 1232 inquit,
913 1153 934 1183 ‘
964 1148 1143 1215 hunc
1194 1170 1351 1216 esse
1403 1151 1661 1217 dictum
1714 1174 1755 1218 a
1795 1152 2222 1233 Mamertino,
2253 1161 2331 1220 ut
2364 1175 2455 1220 ex
2485 1175 2593 1222 se-

382 1251 609 1332 quenti
638 1251 1065 1336 Panegyrico
1115 1255 1441 1336 cognosci
1495 1264 1768 1339 potest3
1815 1256 1936 1320 sed
1989 1257 2423 1323 Diocletiano
2469 1261 2592 1324 ab·

379 1360 589 1418 sente.
681 1354 974 1434 Etenim,
1032 1356 1096 1419 si
1157 1357 1632 1422 Diocletianus
1684 1358 2010 1433 affuisset,
2071 1361 2348 1424 omnino
2410 1367 2592 1428 esset

380 1456 922 1539 praeponendus,'
949 1460 1076 1522 διο.
1153 1456 1286 1521 An.
1319 1459 1513 1524 1607.
1549 1479 1592 1524 a
1620 1459 1941 1538 Grutero,
1973 1459 2143 1525 forte
2167 1461 2379 1526 libros
2413 1462 2588 1530 Men.

382 1556 733 1622 Palatinos
794 1567 1057 1637 secuto,
1120 1560 1221 1623 ita
1262 1560 1630 1643 inscriptus
1690 1568 1831 1626 est:
1907 1558 2169 1626 Claudii
2213 1560 2591 1630 Mamertini

380 1656 810 1746 Panegyricus
872 1660 1272 1725 Maximiano
1327 1658 1661 1752 Augusto.-
1727 1683 1928 1747 quem
1989 1664 2232 1747 reliqui
2287 1664 2588 1734 editores

377 1761 617 1827 imitati
651 1774 834 1830 sunt.
923 1764 1156 1849 Atque
1191 1765 1283 1828 ita
1312 1765 1517 1830 etiam
1551 1765 1840 1830 Carolus
1871 1764 2211 1846 Sigonius,
2237 1768 2363 1851 qui
2394 1766 2588 1832 Hist.

377 1864 465 1928 de
498 1864 926 1932 Occidentali
974 1867 1298 1951 Imperio,
1338 1868 1459 1934 lib.
1494 1886 1547 1931 1.
1591 1869 1861 1952 aliquot
1898 1868 2055 1934 loca
2095 1887 2188 1934 ex
2225 1868 2358 1934 hoc
2403 1871 2586 1952 ipso,

375 1966 461 2030 de
510 1987 647 2051 quo
699 1969 986 2051 agimuS‚
1040 1970 1475 2054 Panegyrico,
1509 1972 1870 2049 excitavit,
1907 1990 2066 2036 enm
2112 1971 2261 2034 sine
2309 1970 2587 2038 haesita-

376 2070 556 2134 tione
587 2067 998 2155 ascripserat
1028 2071 1487 2155 Mamertino;
1531 2091 1683 2138 cum
1729 2075 1925 2140 bonae
1968 2079 2145 2138 notae
2185 2076 2585 2160 exemplari,

375 2173 521 2238 sive
551 2175 790 2239 codiee
821 2174 957 2238 Ms.
989 2183 1312 2259 quantum
1347 2195 1440 2240 ex
1478 2176 1749 2242 indiciis
1790 2195 1925 2240 non
1971 2175 2285 2240 obscuris
2328 2178 2586 2261 colligi-

372 2277 548 2354 mus,
575 2296 740 2342 usus
767 2278 1096 2343 videatur.
1162 2278 1280 2344 Sic
1311 2299 1469 2364 pag.
1484 2280 1553 2346 8.
1583 2279 1745 2344 edit.
1777 2278 1998 2345 Basil.
2023 2296 2132 2341 an.
2154 2278 2352 2343 1579.
2397 2284 2418 2314 ‘
2445 2280 2583 2346 Ex.

373 2378 554 2456 tant,'
582 2381 818 2464 inquit,
848 2386 870 2416 ‘
900 2380 1266 2448 Orationes
1292 2382 1554 2467 aliquot
1584 2387 1746 2466 post
1776 2401 1820 2447 a
1850 2380 2260 2446 Mamertino
2289 2381 2586 2452 Rhama

373 2480 459 2545 ad
495 2481 990 2548 Maximianum
1022 2484 1095 2548 in
1127 2483 1359 2550 Gallia
1388 2485 1618 2563 dictae,
1668 2485 1914 2568 quibus
1943 2490 2300 2570 utrumqne
2329 2484 2582 2568 signifi-

371 2584 607 2649 catur!
698 2585 868 2650 Mox
913 2605 1075 2652 vero
1104 2588 1330 2653 locum
1363 2587 1576 2665 affert,
1605 2588 1724 2670 qui
1773 2605 1950 2651 nunc
1989 2585 2238 2670 legitur
2277 2605 2434 2669 cap.
2465 2603 2581 2652 ιιι.

372 2693 445 2751 et
474 2703 577 2752 iv,
606 2688 804 2773 hujus
831 2687 1254 2774 Panegyrici.
1320 2690 1513 2767 Item,
1546 2709 1703 2774 pag.
1736 2690 1845 2754 12.
1868 2708 1958 2755 ex
1983 2707 2143 2772 cap.
2168 2704 2267 2752 ιν.
2344 2687 2580 2767 Porro,

369 2795 531 2872 ρας.
556 2791 660 2854 14.
684 2812 777 2855 ex
807 2811 961 2875 cap.
997 2808 1101 2856 lv.
1147 2791 1265 2858 ubi
1306 2793 1451 2858 haec
1497 2791 1860 2877 praefatur:
1903 2796 1926 2826 ‘
1959 2791 2149 2876 quod
2192 2791 2474 2869 factum,
2499 2800 2582 2857 ut

367 2891 689 2977 singulari
718 2894 1039 2960 felicitate
1069 2895 1763 2973 commemorandum,
1793 2893 2237 2959 Mamertinus
2263 2892 2584 2978 deinceps

366 2995 469 3081 sic
500 2994 772 3061 Gallica
799 2995 1072 3062 dicendi
1101 2999 1310 3081 copia
1338 2996 1755 3062 celebravit!
1827 2996 1918 3063 Et
1946 2996 2266 3079 denique,
2296 3014 2453 3080 pag.
2466 2994 2577 3060 20.

365 3097 466 3162 uti
495 3097 689 3180 plura
718 3099 927 3164 verba
967 3119 1050 3163 ex
1095 3119 1249 3184 cap.
1283 3115 1433 3163 xu.
1466 3114 1643 3163 xm.
1676 3105 1745 3164 et
1774 3114 1944 3162 xiv.
1982 3096 2195 3173 affert,
2243 3096 2342 3160 ita
2373 3097 2578 3179 quasi

364 3196 752 3264 dubitanter
800 3201 1135 3284 loquitur:
1192 3206 1213 3236 ‘
1246 3203 1328 3268 In
1381 3222 1464 3267 ea
1517 3202 1924 3266 solennitate
1975 3203 2118 3279 (xi.
2166 3200 2329 3265 Kal.
2380 3198 2576 3277 Maii)

365 3301 814 3369 Mamertinus
872 3305 1077 3382 idem,
1135 3313 1215 3371 ut
1273 3306 1722 3382 existimatur,
1777 3306 2148 3370 orationem
2204 3303 2453 3381 habuit,
2504 3305 2577 3369 in

362 3423 523 3488 qua,
553 3407 889 3498 expositis
920 3406 1331 3473 Maximiani
1359 3409 1564 3472 rebus
1596 3408 1939 3485 omnibus,
1965 3427 2144 3491 quas
2174 3424 2574 3472 commemo-

359 3506 676 3583 ravimuS,
708 3509 974 3573 demum
1007 3509 1091 3575 de
1123 3510 1536 3585 Constantio,
1580 3515 1645 3573 et
1681 3515 2016 3593 apparatu
2054 3510 2370 3574 instantis
2407 3508 2574 3574 belli

362 3609 764 3689 Britannici,
796 3612 894 3676 ita
921 3611 1282 3677 disseruit?
1352 3611 1687 3691 Quamvis
1715 3614 1950 3696 itaque
1981 3608 2129 3677 haee
2148 3628 2256 3676 res
2277 3609 2574 3675 nondum

360 3731 639 3796 prorsus
670 3712 1015 3796 expedita,
1047 3720 1113 3779 et
1156 3720 1353 3779 certa
1399 3714 1732 3791 videatur,
1763 3716 1873 3779 cui
1917 3714 2178 3779 auctori
2210 3713 2323 3778 hic
2353 3712 2571 3777 Pane-

359 3816 631 3899 gyricus
664 3815 759 3879 sit
786 3817 1227 3881 ascribendus
1251 3841 1271 3898 ς
1309 3816 1624 3881 nolumus
1652 3823 1878 3880 tamen
1909 3834 2152 3881 nomen
2181 3814 2573 3881 Mamertini

360 3917 723 3982 deturbare
747 3916 832 3981 de
856 3919 1298 4000 possessione
1312 3919 1462 4003 jam
1480 3920 1685 4001 vulgo
1705 3917 1997 4001 probata
2017 3936 2036 3996 3
2058 3916 2390 4000 inprimiS,
2411 3937 2571 3982 cum

354 4024 425 4086 et
442 4021 758 4104 princeps
782 4020 993 4086 editio
1021 4020 1264 4087 Franc.
1290 4020 1687 4099 Puteolani,
1705 4024 1771 4084 et
1791 4018 2001 4085 editio
2013 4018 2570 4085 Vindobonensis

356 4121 761 4208 Cuspiniani
806 4124 1086 4212 eandem
1129 4124 1383 4189 indicio
1433 4123 1730 4208 quodam
1763 4120 2152 4188 confirmare
2180 4121 2566 4203 videantur3

355 4231 593 4311 utpote
621 4226 690 4290 in
721 4245 861 4312 qna
891 4233 1170 4311 utraque
1198 4226 1501 4292 editione
1538 4225 1850 4311 sequenti
1886 4223 2335 4306 Panegyrico,
2366 4224 2568 4310 cujus

353 4328 621 4396 initium
647 4336 773 4410 est,
806 4335 829 4365 ‘
852 4329 1105 4396 Omnes
1132 4329 1404 4415 quidem
1433 4327 1792 4410 homines,’
1815 4329 1938 4394 διο.
1968 4326 2082 4394 hic
2124 4326 2367 4394 titulus
2396 4348 2569 4413 prae·
