3084 4959
456 352 636 425 1208
1013 369 1183 448 usu
1197 369 1459 420 narmi
1489 370 1662 420 cau
1677 364 2107 423 arnmscus

453 524 524 584 et
554 517 779 595 [stem
809 521 878 582 et
906 517 1140 596 Nilus»,
1165 525 1236 583 et
1266 536 1420 583 cum
1445 517 1710 600 gemino
1738 515 1962 598 Tigris
1985 513 2379 599 Euphrate,'
2407 518 2477 579 et
2498 517 2670 580 uter·

453 639 609 704 que,
640 639 778 703 qua
807 620 1013 685 solem
1046 619 1335 703 accipit·
1361 626 1432 684 et
1460 618 1703 697 reddit,
1737 616 2084 697 OceanuS,
2105 623 2178 683 et
2206 615 2537 703 quicquid
2565 623 2669 680 eet

451 723 623 787 inter
649 723 782 787 ista
812 727 1155 798 terrarum,
1188 720 1664 799 etfluminum,
1687 724 1756 784 et
1781 719 2102 798 littorum,
2132 724 2270 784 tam
2303 718 2490 783 facili
2514 722 2670 783 sunt

454 825 961 908 aequanimitate
993 824 1394 900 communia,
1423 830 1744 908 quantum
1777 823 1909 888 sibi
1939 820 2268 906 gaudent*
2307 839 2458 886 esse
2490 837 2670 885 com-

453 944 723 995 munem
751 927 934 991 oculi
968 924 1170 991 diem.
1255 927 1324 992 ’7.
1371 925 1481 991 Ita
1510 925 1827 1009 duplices
1856 925 2055 990 vobis
2083 925 2330 990 divinae
2349 924 2670 1006 potentiae

453 1027 719 1094 fructus
749 1029 973 1112 pietas
1002 1033 1227 1094 vestra
1256 1027 1558 1112 largitur,
1587 1034 1657 1093 et
1683 1046 1809 1093 suo
1840 1033 2117 1113 uterque
2142 1025 2403 1104 fruitur,
2425 1031 2493 1089 et
2515 1042 2670 1090 con·

457 1133 663 1197 nortis
691 1131 992 1214 imperio.

542 1233 726 1299 Car.
774 1248 914 1297 vn.
973 1232 1038 1297 1.
1086 1232 1351 1299 Laurea
1388 1232 1533 1311 illa,
1579 1218 1866 1297 devictis
1899 1230 2362 1297 accolentibus
2406 1229 2672 1314 Syriam

1386 1399 1415 1420 O
1693 1397 1756 1420 00

456 1493 693 1545 Pataroi.
715 1492 937 1556 denique
955 1495 1175 1544 alterum
1190 1494 1451 1545 Schwarz.
1472 1503 1525 1544 et
1542 1494 1661 1559 Joeg
1662 1509 1738 1543 er.
1772 1493 1908 1545 Vide
1930 1495 2083 1546 Nou.
2097 1494 2252 1544 Varr.
2255 1499 2353 1544 —6
2375 1496 2509 1546 Exc.
2522 1494 2676 1544 Voss.

458 1559 704 1623 ignorant
740 1563 787 1610 el
828 1559 990 1610 Nilus.
1055 1561 1072 1589 ⁴
1094 1559 1203 1615 Qua
1226 1559 1411 1623 Solem]
1448 1559 1555 1609 Hic
1592 1510 1736 1610 logcus
1757 1560 1844 1610 diu
1880 1561 2065 1611 cubuit
2101 1560 2155 1609 in
2192 1552 2406 1620 morbo;
2441 1575 2558 1610 cum
2579 1570 2675 1623 'pro

458 1626 663 1674 duabus
707 1624 938 1682 vocibus,
969 1639 1060 1688 qua
1099 1626 1265 1684 solem,
1299 1625 1491 1690 ubique
1529 1627 1799 1689 legeretur
1835 1628 2042 1690 qualem.
2122 1625 2220 1675 Cui
2258 1626 2387 1676 vitio
2422 1625 2676 1675 medelam

458 1689 651 1740 afferre
680 1689 942 1739 Livineius
980 1696 1060 1738 est
1083 1698 1317 1745 conatus,
1343 1690 1435 1739 sed
1463 1691 1556 1747 ita,
1582 1700 1639 1741 ut
1663 1691 1812 1740 nimis
1851 1691 2104 1741 audacter
2141 1690 2312 1752 plures
2334 1691 2483 1740 simul
2519 1688 2675 1739 voees

409 1798 432 1813 ,.
459 1757 696 1807 mutarit.
767 1752 979 1804 Effinxit
1020 1754 1154 1803 enim
1190 1754 1332 1818 inde,
1359 1769 1498 1818 qum
1525 1757 1622 1805 late
1656 1755 1781 1806 cedit
1817 1761 1866 1805 et
1893 1756 2023 1806 redit
2053 1757 2286 1816 Οσεαηκε,
2324 1756 2359 1807 i.
2393 1770 2441 1804 e.
2473 1761 2681 1817 aestuat,

459 1821 869 1897 ταραφραστικως.
940 1819 1166 1883 Propius
1204 1833 1311 1869 rem
1335 1833 1431 1869 acu
1459 1822 1636 1884 tetigit
1660 1821 1942 1878 Gruterus,
1967 1822 2054 1883 qui
2077 1822 2188 1871 sola
2215 1834 2341 1871 voce
2363 1823 2545 1884 qualem
2567 1835 2678 1870 rur-

460 1899 547 1933 sus
589 1887 639 1933 in
667 1886 793 1933 duas
816 1883 1046 1943 diducta,
1081 1885 1324 1946 procudit
1347 1899 1440 1946 qua
1461 1885 1652 1945 lucem3
1682 1887 1917 1951 quamvis
1942 1888 2074 1935 hauc
2108 1887 2526 1936 emendationem
2550 1899 2680 1934 nou-

463 1951 587 2000 dum
614 1950 875 2010 receperit
894 1950 946 1997 iu
964 1957 1304 2009 contextum
1340 1951 1542 2013 recepit
1560 1949 1693 1999 adeo
1717 1952 1912 2014 primus
1936 1951 2212 2013 Celiarius‚
2236 1957 2293 2000 et
2311 1952 2451 2000 bunc
2472 1958 2682 2000 secutus

463 2022 547 2065 est
574 2013 807 2063 Patarol.
870 2014 959 2063 Sic
997 2014 1263 2065 luculenta
1295 2014 1413 2063 binc
1436 2015 1615 2065 evadit
1633 2017 1915 2066 sententia.
1982 2017 2149 2068 Nobis
2175 2025 2349 2066 tamen
2387 2018 2548 2065 visum
2583 2024 2685 2078 est,

463 2079 647 2131 eadem
673 2086 914 2128 manente
954 2080 1233 2136 sententia,
1269 2079 1590 2141 probabilius
1629 2094 1696 2130 ex
1732 2083 1934 2132 calamo
1956 2082 2258 2131 Mamertini
2293 2080 2510 2131 fluxisse
2539 2083 2685 2130 solem

465 2150 621 2210 quam
645 2147 828 2194 lucem:
862 2158 977 2193 cum
1002 2145 1159 2208 prior]
1179 2144 1380 2209 syllaba
1403 2146 1546 2194 vocis
1568 2147 1735 2207 solent,
1757 2145 1934 2196 forte
1919 2160 1971 2195 ιη
1997 2148 2217 2197 vetustis
2246 2147 2553 2196 membranis
2591 2146 2685 2196 ob-

462 2211 650 2268 soleta,
673 2211 926 2259 nonsatis
960 2210 1166 2272 agnosci
1200 2210 1433 2274 potuerit
1459 2225 1490 2259 a
1515 2210 1767 2272 librario;
1801 2221 1893 2260 aut
1915 2226 2033 2262 cnm
2064 2226 2133 2261 ex
2172 2226 2301 2263 voce
2333 2211 2506 2261 divisa
2540 2212 2685 2275 prior

462 2275 691 2339 syllaba,
724 2290 793 2330 so,
816 2274 867 2322 in
903 2274 1006 2325 line
1040 2289 1215 2324 versus
1250 2275 1613 2326 antecedentis
1650 2276 1857 2335 relicta,
1890 2277 1958 2326 ab
1991 2276 2176 2326 eodem
2206 2277 2370 2328 oculis
2408 2278 2686 2340 preterita

466 2339 665 2399 fuerit·
699 2338 837 2389 unde
860 2354 926 2389 ex
951 2355 1044 2402 qua
1068 2347 1123 2389 et
1146 2342 1255 2402 lem,
1273 2348 1451 2390 natum
1473 2348 1555 2390 est
1574 2340 1720 2396 illud.
1739 2313 1958 2405 qen-lenae
1970 2342 2224 2392 Schwarz.
2290 2343 2644 2392 Constanter
2631 2356 2685 2390 tn

466 2406 653 2469 qucum
676 2405 1009 2454 consentiunt
1026 2405 1181 2455 codd.
1221 2406 1454 2455 Verbum
1476 2405 1652 2469 accipit
1678 2413 1761 2455 est
1782 2422 1848 2456 ex
1872 2406 2026 2456 codd
2038 2413 2094 2456 et
2110 2406 2477 2457 Putem-14⁷6.
2499 2414 2687 2472 postea

468 2472 525 2520 iu
545 2469 724 2532 accepit
749 2476 1023 2531 mutatum,
1044 2469 1211 2521 donec
1229 2479 1459 2520 veterem
1483 2471 1750 2522 revocavit
1774 2472 2047 2521 lectionem
2073 2472 2342 2523 cellarius.
2376 2474 2496 2521 Vet.
2514 2473 2688 2522 Livin-

469 2540 518 2584 ει
543 2534 775 2583 reddidit.
838 2534 1159 2584 Schwarzius
1190 2544 1244 2583 et
1264 2535 1463 2600 Jaeger.
1500 2537 1789 2587 omiserunt
1826 2543 1874 2586 et
1893 2537 2175 2601 flaminum-
2244 2536 2354 2587 Pro
2377 2543 2427 2586 et
2448 2538 2686 2593 lutor-ma.

471 2600 699 2662 Guelplr.
733 2606 787 2648 et
810 2600 938 2649 Exc.
967 2600 1118 2649 Voss.
1140 2600 1332 2650 babent
1349 2607 1404 2650 et
1427 2605 1674 2651 tectorum.
1743 2603 2003 2666 Denique,
2025 2617 2165 2664 qaam
2200 2602 2294 2651 sibi
2318 2604 2536 2664 gaudent
2557 2603 2687 2651 Vet-

470 2664 697 2714 Putean.
720 2673 776 2714 et
794 2666 960 2715 codex
976 2665 1269 2724 Schwaraii‚
1287 2674 1341 2714 ut
1362 2679 1495 2728 conJ
1518 2666 1695 2715 Lirin.
1726 2667 1858 2717 Voc.
1876 2668 2190 2717 mlrdeest
2177 2682 2228 2716 ru
2243 2668 2375 2718 Exc.
2393 2667 2690 2717 Scbouhov.

480 2737 537 2781 et
560 2731 645 2779 ed.
669 2729 879 2793 cuspin
884 2735 981 2779 -7
1007 2731 1232 2794 Guelpb.
1246 2735 1292 2778 et
1313 2745 1396 2779 suo
1418 2737 1616 2793 aterque
1632 2731 1836 2808 finitur·

463 2825 472 2829 -
539 2793 676 2844 CAP-
696 2808 799 2846 vn.
870 2799 896 2844 1
921 2794 938 2821 ‘
960 2794 1303 2857 participium
1324 2796 1656 2851 weoleufflms,
1689 2797 1740 2845 in
1762 2798 1893 2846 duas
1916 2810 2068 2847 voces
2092 2812 2150 2846 ae
2165 2796 2426 2846 utentibus
2449 2772 2691 2857 divisum,
2697 2835 2701 2838 >

472 2872 749 2924 perperam
794 2861 1104 2923 evulgarunt
1136 2861 1368 2910 Rhenan.
1409 2862 1582 2911 Duac.
1619 2866 1676 2911 et
1711 2862 1781 2912 H.
1812 2862 1997 2926 Stepb.
2045 2863 2260 2912 Rectius
2297 2861 2350 2911 id
2389 2861 2691 2926 exprimunt

1477 3007 1697 3059 NOTAE

542 3110 567 3145 ‘¹
591 3102 743 3167 Ister]
768 3105 997 3168 Propter
1014 3102 1176 3167 Alpes
1194 3106 1395 3167 oritur;
1417 3112 1472 3156 et
1495 3106 1547 3156 iu
1629 3107 1888 3164 dividens,
1910 3108 1961 3157 iu
1985 3105 2231 3158 Armenia
2255 3106 2450 3170 majore
2473 3111 2638 3156 ortus.

476 3178 776 3235 Germania,
794 3180 982 3240 Raetia,
997 3187 1053 3230 et
1076 3181 1349 3231 Pannonia
1371 3182 1549 3232 Dauu—
1692 3192 1714 3219 ⁸
1748 3185 1972 3248 Uterque,
1987 3199 2077 3247 qua
2091 3185 2236 3232 solen·
2247 3182 2479 3246 [qualem]
2494 3180 2693 3244 accipet]

476 3255 592 3305 bius
626 3254 957 3318 appellatum
996 3256 1086 3305 ubi
1125 3269 1250 3305 vero
1281 3256 1548 3321 Illyricum
1629 3259 1777 3310 Inest
1798 3260 1932 3310 baud
1957 3258 2113 3309 dubie
2137 3258 2188 3306 in
2212 3258 2290 3306 bis
2308 3258 2484 3306 verbis
2500 3255 2693 3322 aliquid

479 3332 677 3387 δίῑὶεἰῐ.
702 3329 840 3379 Ister
863 3331 1075 3382 dicitur.
1629 3337 1761 3387 vitii.
1814 3338 1983 3389 Quem
2009 3336 2175 3384 locum
2200 3335 2275 3383 ita
2299 3335 2532 3384 restituit
2558 3332 2697 3384 Livi-

469 3412 478 3417 '
543 3414 566 3439 ¹·
600 3407 725 3455 Cam
784 3407 978 3469 gemino
1047 3407 1217 3471 Tigris
1274 3407 1547 3474 Euphrate]
1582 3422 1589 3427 ’
1628 3414 1810 3465 neius:
1855 3415 2066 3477 Uterque
2079 3427 2219 3478 quam
2232 3404 2486 3477 latepedit,
2502 3416 2552 3460 et
2569 3410 2697 3460 redit

481 3481 658 3536 Quid?
693 3496 758 3532 an
791 3482 1024 3546 geminus
1056 3485 1385 3548 Euphrates?
1421 3484 1549 3535 Om-
1634 3491 1872 3540 Oceanus.
1939 3490 2053 3552 Ego
2078 3487 2338 3538 lubentius
2360 3501 2478 3537 cum
2503 3487 2695 3536 Grute-

479 3559 622 3625 nino‚
648 3560 766 3625 quia
789 3561 997 3624 gemino
1021 3576 1088 3612 ex
1111 3559 1267 3612 fluvio
1282 3563 1550 3628 coalescit,
1630 3582 1688 3616 ro
1724 3566 1963 3631 legerim,
2007 3568 2204 3628 uterque
2240 3578 2334 3626 qua
2379 3564 2530 3614 lucem
2571 3563 2698 3613 aori·

481 3652 703 3702 quorum
739 3638 874 3687 alter
910 3638 1194 3696 Pixirates,
1227 3642 1366 3691 alter
1389 3639 1549 3695 Arra·
1624 3645 1720 3707 pit,
1737 3648 1783 3693 et
1805 3643 1966 3692 reddit
1993 3642 2233 3700 Oceanus,
2255 3639 2308 3688 id
2326 3646 2426 3699 est,
2450 3639 2697 3690 Oceanus

482 3715 626 3777 nias3
658 3716 745 3779 qui
780 3714 884 3764 duo
915 3713 1055 3766 fluvii
1090 3717 1228 3767 circa
1254 3718 1550 3781 Sopboueru
1633 3718 2020 3781 Occidentalis,
2041 3717 2092 3766 in
2115 3730 2269 3782 quem
2294 3716 2370 3765 sol
2393 3716 2700 3778 immergere

481 3794 606 3848 orti,
641 3800 915 3856 postquam
947 3791 1112 3844 Tauri
1147 3796 1336 3845 montis
1366 3809 1553 3859 angus·
1633 3811 1707 3858 se,
1738 3803 1793 3844 et
1817 3793 2127 3856 orientalia,
2157 3792 2297 3843 uude
2330 3791 2468 3841 idem
2491 3792 2702 3842 videtur

473 3871 584 3920 ‘tias
610 3869 1002 3935 perfregerunt,
1026 3887 1125 3923 uuo
1160 3881 1216 3922 et
1240 3873 1423 3923 eodem
1461 3887 1553 3922 no·
1636 3886 1925 3936 emergere,
1959 3870 2104 3920 vobis
2137 3876 2327 3935 parent
2358 3873 2413 3918 et
2431 3866 2702 3933 obtempe-

482 3947 621 3996 miue
638 3946 935 4010 Euphrates
953 3947 1213 3998 dicuntur.
1247 3949 1553 4014 Quanquam
1636 3954 1772 3998 rant.

483 4025 750 4076 Pixirates
791 4025 947 4089 vulgo
978 4026 1062 4074 vel
1107 4026 1157 4074 in
1201 4026 1365 4091 primo
1409 4025 1556 4076 fonte
1701 4024 1718 4056 ⁸
1752 4023 1998 4079 Quantum
2042 4020 2135 4071 sibi
2171 4018 2410 4083 gaudent]
2452 4019 2702 4071 Fortasse

486 4101 780 4166 Euphrates
805 4101 1018 4152 dicitur.
1073 4103 1207 4153 Vide
1233 4104 1370 4153 Ptin.
1395 4117 1451 4153 v.
1475 4106 1558 4152 24.
1637 4113 1797 4164 qaam,
1834 4098 2001 4163 inquit
2037 4096 2318 4158 Livineius,
2352 4103 2411 4146 ut
2444 4094 2708 4149 referatur

484 4178 654 4241 Tigris
676 4193 797 4229 vero
819 4177 1006 4230 fluvius
1030 4187 1115 4231 est
1152 4181 1295 4232 Asiae
1316 4182 1558 4238 celebris,
1640 4176 1706 4227 ad
1733 4175 1877 4241 prius
1901 4180 2016 4270 tum·

490 4256 927 4323 Mesopotamiam
946 4255 1013 4309 ab
1034 4256 1250 4323 Assyria
1268 4265 1323 4310 et
1341 4256 1559 4310 Sittiana
