3084 4959
462 330 639 399 1114
1181 342 1474 394 suenni
1523 341 1947 416 maurina

461 492 632 560 tusti
658 486 1063 574 exemplaris
1092 486 1460 554 emendati.
1551 486 1728 551 Exe.
1776 484 1990 556 Paul.
2021 482 2431 567 Stephanus,
2471 486 2672 552 1000

460 597 528 662 4.
616 592 984 673 Quodnam
1022 589 1375 676 exemplar
1419 588 1588 655 illud
1627 589 1852 667 fuerit,
1895 586 2076 670 quod
2107 585 2331 653 editor
2358 587 2452 653 sit
2479 607 2671 654 secu-

461 704 600 776 tus,
646 694 814 761 mihi
860 694 1349 778 incompertum
1392 697 1523 757 est.
1525 687 1546 729 ¹
1651 691 1810 756 Hoc
1860 708 2020 755 vero
2071 695 2362 770 constat,
2411 695 2722 756 textum

462 797 775 874 Livineii,
806 795 868 864 si
911 796 1333 880 paucissima
1359 794 1538 862 forte
1584 800 1823 860 errata
1849 811 2198 876 operarum
2245 793 2578 877 excipias„
2605 795 2674 858 in

461 901 784 967 omnibns
832 917 989 965 esse
1034 905 1393 965 servatum.
1481 897 1917 983 Quapropter
1975 916 2131 962 curn
2182 896 2532 963 levissima
2579 897 2674 965 sit

458 1004 659 1089 hujus
704 1001 1022 1068 editionis
1070 1001 1465 1080 auctoritas,
1517 1000 1931 1066 mentionem
1975 998 2151 1084 ejus,
2203 997 2274 1064 in
2328 998 2673 1067 reddenda

462 1099 818 1189 scripturae
846 1103 1124 1180 ratione,
1155 1103 1503 1169 intermisi.

545 1206 683 1272 VI.
723 1206 927 1273 Plinii
949 1204 1573 1291 mete-ejusdem
1607 1204 1837 1283 Plinii,
1857 1209 1927 1270 et
1957 1203 2224 1283 Pacati,
2251 1203 2668 1283 Mamertini,

459 1308 745 1377 Nazarii
776 1307 1210 1394 Panegyrici,
1260 1307 1426 1374 item
1466 1308 1823 1374 Claudiani
1863 1307 2285 1391 Panegyrici,
2330 1308 2527 1375 1604.
2560 1312 2672 1376 12.

458 1432 612 1479 cum
668 1411 860 1477 oliva
914 1410 1401 1495 Stephaniana.
1488 1409 1671 1477 Haec
1723 1409 1933 1477 editio
1985 1408 2189 1476 refert
2237 1411 2307 1476 in
2360 1413 2669 1479 omnibus

462 1513 978 1592 Frobenianatn,
1006 1511 1323 1597 exceptis
1367 1512 1703 1578 erroribus
1741 1512 2205 1598 typothetieiS,
2236 1514 2356 1597 qni
2400 1514 2670 1581 dnobus

458 1618 762 1684 tribusve
803 1615 981 1681 locis
1017 1613 1277 1699 ‘aliquid
1316 1613 1727 1681 diversitatis
1772 1614 2122 1682 inducunt.
2211 1614 2342 1681 Est
2386 1616 2668 1699 proinde

457 1718 777 1802 repetitio
810 1717 1046 1802 primae
1087 1716 1270 1782 illius
1315 1718 1820 1802 stephaniam,
1862 1733 2142 1784 excusae
2183 1735 2296 1785 an.
2329 1718 2521 1787 1591.
2553 1718 2666 1786 12.

462 1839 619 1904 quse
650 1820 901 1905 etipsa
927 1838 1018 1885 ex
1048 1818 1352 1885 editione
1382 1818 1693 1886 Rhenani
1724 1837 2051 1906 expressa
2077 1827 2207 1900 est,
2235 1828 2313 1886 ut
2340 1820 2668 1907 deinceps

457 1922 867 1989 videbimus.

543 2025 722 2090 VII.
769 2041 918 2092 ΧΠ.
965 2024 1371 2108 Panegyrici
1414 2024 1722 2105 Veteres,
1766 2026 2130 2105 emendati,
2182 2028 2408 2110 aneti3
2449 2047 2669 2113 nuper

460 2128 729 2212 quidem
784 2146 919 2212 ope
969 2127 1132 2195 Joh.
1183 2127 1513 2210 Livineii3
1558 2148 1735 2196 nunc
1784 2147 1949 2196 vero
1991 2149 2206 2215 opera
2252 2130 2322 2197 J.
2366 2130 2664 2207 Gruteri,

457 2237 709 2315 praeter
734 2250 1018 2315 quornm
1042 2239 1249 2296 notas
1281 2232 1616 2297 accedunt
1651 2233 1854 2297 etiam
1884 2232 2289 2316 conjecturae
2320 2230 2477 2299 Val.
2502 2231 2672 2298 Aei-

457 2332 624 2397 dalii
662 2339 734 2398 et
775 2333 858 2399 G.
893 2333 1350 2411 Rittershusii,
1399 2332 1846 2410 Francosurti,
1891 2333 2087 2400 1607.
2117 2333 2226 2399 12.
2317 2335 2669 2401 Praesldiis

460 2455 505 2501 a
531 2434 845 2502 Livineio
876 2436 1135 2520 paratis
1162 2437 1331 2501 bene
1357 2453 1525 2503 usus
1551 2443 1659 2504 est
1685 2435 2040 2514 GruteruS,
2066 2442 2482 2521 textumque,
2515 2457 2557 2503 a
2588 2457 2666 2502 se

458 2539 744 2622 primum
771 2538 842 2604 in
871 2539 1105 2622 capita
1134 2538 1458 2617 divisum,
1495 2538 1775 2604 infinitis
1812 2539 1987 2605 locis
2014 2539 2399 2622 pleniorem,
2443 2540 2669 2606 sanio-

457 2658 624 2719 rem,
669 2640 1151 2723 speciosiorem
1198 2640 1379 2721 fecit,
1424 2642 1834 2727 recipiendis
1879 2642 1968 2707 iis
2010 2641 2442 2720 lectionibus,
2490 2661 2667 2726 quas

456 2739 572 2805 ille
600 2760 690 2806 ex
718 2742 862 2806 suis
887 2741 1078 2808 libris
1102 2748 1421 2809 enotatas
1449 2745 1519 2809 in
1548 2744 1843 2827 margine
1880 2744 2360 2830 collocaverat.
2449 2743 2669 2809 Addi-

458 2843 560 2909 dit
591 2844 797 2924 etiam
827 2853 1048 2926 notaS,
1094 2846 1344 2931 quibus
1381 2846 1705 2914 lectiones
1748 2847 1990 2932 partim
2034 2845 2484 2925 vindicantur,
2514 2843 2668 2933 p'ar-

457 2946 579 3012 tim
636 2943 1034 3032 conjectura
1069 2946 1558 3032 reformantur,
1616 2969 1807 3035 saepe
1862 2949 2066 3014 etiam
2125 2949 2667 3035 interpretatione

454 3047 925 3132 explanantur.

542 3149 757 3216 VIII.
802 3151 1061 3217 Praeter
1103 3155 1493 3239 exemplum
1544 3153 1746 3239 hujus
1793 3153 2136 3234 editionis,
2180 3152 2367 3239 quod
2408 3153 2474 3218 in
2514 3173 2667 3220 mea

455 3252 875 3337 supellectile
904 3260 1031 3335 est,
1063 3257 1349 3322 tractavi
1378 3257 1579 3321 etiam
1608 3256 1797 3337 illud,
1838 3257 1948 3322 eui
1988 3256 2288 3336 Gudius,
2335 3256 2447 3321 vel
2487 3257 2667 3322 alius

455 3357 559 3422 vir
582 3355 916 3435 eruditus,
945 3357 1262 3441 ascripsit
1290 3359 1637 3425 variantes
1665 3359 2016 3438 lectiones,
2057 3360 2107 3425 i.
2140 3379 2202 3424 e.
2249 3365 2268 3398 ‘
2298 3359 2549 3424 librum
2580 3375 2665 3422 n.

457 3458 894 3539 Gudiannm,’
932 3459 1111 3545 (vid-
1143 3459 1483 3526 Schwarz.
1516 3460 1686 3526 Pan.
1719 3461 1899 3527 Plin.
1941 3480 2013 3544 p.
2038 3461 2225 3542 ⁸732.)
2267 3480 2496 3547 quem,
2544 3463 2668 3546 qui

457 3577 634 3628 nunc
664 3560 995 3647 possidet,
1023 3561 1386 3645 NagelinS,
1414 3563 1522 3629 vir
1554 3563 1876 3630 laudibus
1923 3567 1996 3629 et
2022 3562 2280 3630 meritis
2320 3561 2408 3629 de
2437 3568 2667 3631 nostra

525 3790 542 3825 ¹
564 3791 697 3843 Mihi
720 3807 818 3859 per
838 3794 964 3845 illud
986 3794 1255 3861 exemplar
1273 3793 1518 3846 intellex·
1596 3810 1658 3847 n·
1682 3797 1734 3847 iti
1757 3796 1984 3850 Dissert.
2004 3801 2126 3848 ante
2147 3793 2289 3848 illum
2310 3792 2513 3859 Paneg.
2535 3807 2587 3858 p.
2616 3792 2669 3840 4·

451 3869 557 3920 isse
573 3870 781 3923 videtur
799 3873 886 3924 ed.
908 3874 1227 3940 cuspiniani,
1243 3888 1359 3940 quae
1379 3888 1518 3925 tum·
1598 3887 1704 3925 non
1725 3889 1919 3939 paucas
1940 3875 2082 3926 enirn
2111 3888 2177 3925 ex
2213 3887 2276 3923 ea
2303 3872 2552 3923 lectiones
2583 3885 2665 3921 re-

454 3960 555 3997 rnae
594 3945 698 3999 fuit
728 3952 1077 4008 auctoritatis,
1099 3965 1260 4017 quare
1291 3953 1396 4001 eod.
1425 3949 1521 4000 Vi·
1600 3951 1810 4002 vocavit
1832 3951 2144 4017 Stephanum
2163 3949 2399 4015 quamvis
2430 3948 2666 3999 Livineio

452 4036 733 4076 ennensem
769 4028 1004 4092 appellat
1030 4027 1264 4079 Bannius
1299 4027 1367 4079 ad
1401 4027 1520 4077 Ma·
1597 4039 1739 4090 sepe
1754 4026 1918 4080 etiam
1932 4027 2214 4080 adliaesiue
2227 4039 2332 4077 non
2347 4023 2667 4092 negaverim.

454 4100 661 4151 mettin.
679 4101 989 4153 Maximian.
1013 4116 1101 4153 ιιι.
1123 4106 1173 4153 3.
1193 4109 1250 4154 et
1271 4102 1390 4155 cod.
1411 4103 1517 4154 Ms.
1597 4103 1775 4157 Arnen.

452 4175 572 4227 loco
594 4191 707 4229 esse
729 4178 1013 4231 habendam
1036 4186 1216 4233 monet
1234 4179 1517 4233 Schwarzi·
