3084 4959
517 365 693 433 1204

519 548 707 599 arum
748 533 1117 595 vestrarum
1156 528 1393 594 laetitia
1432 534 1834 593 remoratur.
1907 526 1974 593 2.
2019 527 2225 592 Illum
2264 525 2469 592 modo
2500 526 2735 613 Syria‘

517 632 799 709 viderat,
828 631 975 716 jam
1022 631 1381 697 Pannonia
1423 635 1841 715 susceperat.
1926 631 2032 696 Tu
2077 629 2284 694 modo
2325 629 2578 697 Galliae
2606 651 2731 716 op·-

514 735 679 820 pida
715 730 1235 810 illustraveraS,‘¹
1270 733 1416 822 jam
1458 752 1758 800 summas
1798 751 1996 797 arces
2034 731 2342 797 Monoeci
2375 732 2734 799 Herculise

512 835 932 920 praeteribas.
1021 835 1247 900 Ambo
1291 855 1441 901 cum
1484 835 1572 900 ad
1613 834 1959 899 Orientem
2001 833 2575 919 Occidentemque
2615 854 2733 901 oc-

516 939 749 1021 cupati
790 938 1215 1020 putaremini,
1247 943 1527 1021 repente
1568 938 1640 1002 in
1674 937 1902 1002 medio
1935 931 2200 1002 Italiaef
2230 937 2487 1018 gremio
2518 955 2729 1020 appa-

515 1039 768 1105 ruistiS.
861 1038 926 1103 3.
975 1039 1132 1104 Hos
1173 1039 1431 1104 fructus
1460 1039 1714 1124 capitis
1747 1057 2027 1122 operum
2059 1039 2526 1104 maximorum.
2614 1039 2731 1106 Sic

513 1142 775 1207 interim
806 1141 1189 1206 meritorum
1221 1142 1638 1207 conscientia
1661 1141 2138 1224 triumphatiS‚¹¹
2167 1141 2324 1205 dum
2355 1142 2729 1225 triumphos

510 1245 705 1328 ipsos
735 1263 997 1330 semper
1023 1244 1359 1310 vincendo
1392 1244 1695 1322 differtis,
1719 1245 1924 1328 quod,
1949 1260 2398 1329 quaecumque
2421 1244 2728 1329 pulcher-

1072 382 1242 432 MAM
1256 381 1521 432 annm
1572 381 1722 432 om<
1734 382 1880 431 ss'rn
1892 382 2162 433 Lucus

512 1348 680 1412 rima
722 1347 975 1425 facitiS,
1018 1347 1339 1413 continuo
1381 1346 1714 1422 transitis,
1756 1350 1823 1410 et
1863 1345 1950 1411 ad
1997 1347 2258 1432 majora
2298 1346 2684 1430 properatis
2708 1370 2727 1409 ε
2818 1370 2827 1377 ·

512 1455 608 1528 ut,
636 1451 795 1516 dum
837 1451 1127 1533 vestigia
1166 1454 1393 1515 vestra
1434 1449 1774 1529 miramur,
1804 1448 2102 1533 dumque
2143 1467 2273 1515 vos
2312 1449 2533 1514 adhuc
2573 1467 2727 1515 esse

1430 1630 1674 1653 eeneeoe
1678 1632 1800 1652 ‘N‘

512 1731 824 1782 victoriarum
858 1736 1164 1790 nostrarum5
1197 1733 1321 1782 Vet.
1357 1732 2026 1786 Put.v0t.13ertin.1‹:xc.
2060 1734 2225 1798 Lang.
2263 1733 2394 1782 Exc.
2434 1732 2727 1785 Schouliov.

514 1797 732 1860 Cuspin.
755 1797 911 1848 Grut.
941 1804 996 1847 et
1030 1805 1249 1846 recentt.
1283 1798 1594 1848 victoriarum
1630 1805 1915 1849 vestrarum.
1917 1802 2016 1847 —2
2037 1799 2052 1826 ‘
2082 1798 2338 1848 Livineius
2363 1798 2606 1861 conjecit,
2633 1815 2728 1862 pro

512 1867 797 1926 susceperat,
818 1861 955 1911 forte
978 1861 1253 1926 legendum
1279 1863 1601 1927 suscipiebam
1634 1871 1689 1913 et
1707 1869 1852 1914 certe
1879 1864 1952 1913 sic
1968 1865 2180 1913 verbum
2205 1862 2505 1928 imperfecti
2525 1870 2733 1929 tempo-

514 1928 587 1977 ris
609 1928 892 1978 convenire
915 1928 1181 1977 videretur
1200 1942 1316 1977 cum
1341 1930 1583 1993 sequenti
1610 1930 1789 1993 verbo,
1807 1928 2102 1993 praeteribas.
2136 1930 2237 1979 Sed
2258 1929 2378 1977 hnic
2403 1922 2733 1992 conjecturae

513 1993 684 2043 nullus
709 1993 840 2042 liber
862 1992 1078 2052 addicit,
1112 2007 1280 2057 neque
1304 1995 1590 2044 necessitas
1615 1994 1787 2057 aliqua
1810 1995 2086 2043 mutationi
2112 1994 2459 2056 astipulatur)
2484 1995 2726 2045 Schwarz.

511 2058 700 2111 Meaeti
721 2057 951 2108 Herculis
969 2059 1193 2121 Guelph.
1222 2060 1521 2120 pen-terrebas
1542 2060 1708 2109 codex
1722 2060 2014 2110 Scliwarzii.
2051 2060 2175 2108 Vet.
2197 2061 2398 2108 Bertin.
2417 2059 2544 2108 Vet·
2557 2060 2727 2110 Liviu.

510 2131 567 2173 et
590 2122 705 2172 cod.
731 2123 992 2172 Scliwarz.
1023 2124 1273 2185 occupor&
1310 2123 1535 2185 Guelph.
1565 2139 1681 2174 cum
1716 2125 1862 2174 libris
1886 2124 2060 2180 editis,
2083 2124 2313 2186 occupati.
2379 2124 2728 2174 ‘Utramlibet

511 2189 673 2251 eligas
688 2187 1147 2251 lectionem-parvi
1169 2187 1369 2237 refert.’
1382 2189 1721 2240 Schisma—3
1745 2193 1760 2218 ‘
1780 2189 2070 2238 Meritorum
2089 2188 2396 2252 couscientia]
2413 2188 2544 2238 Haec
2564 2189 2721 2239 lectio
2752 2228 2758 2235 .

473 2293 484 2299 -
501 2253 614 2317 jam
642 2254 691 2301 in
728 2252 927 2318 aliquot
960 2252 1102 2303 libris
1132 2254 1336 2309 excusis
1372 2256 1580 2316 prodita
1612 2261 1706 2308 est,
1730 2262 1785 2304 et
1810 2269 1945 2303 nunc
1978 2254 2213 2303 codicum
2251 2255 2378 2302 Mss.
2414 2255 2723 2303 auctoritate

511 2318 790 2381 stabilitur,
805 2328 921 2370 cum
941 2318 1260 2384 antiquiores
1278 2318 1533 2369 editiones
1549 2320 1820 2385 inquinate
1843 2319 2120 2384 haberent,
2135 2319 2381 2368 meritorio
2401 2318 2730 2370 couscientia?

1513 2467 1728 2519 NOTAE

510 2594 613 2630 non
636 2578 805 2630 libido
825 2580 891 2630 ad
918 2581 1257 2645 voluptatem,
1285 2596 1388 2632 non
1422 2597 1577 2631 amoe·
1659 2581 1825 2647 gyrici
1869 2581 2106 2647 proxime
2152 2580 2450 2646 superioris,
2492 2594 2608 2644 cap.
2645 2584 2725 2631 14.

509 2657 647 2707 nitas
676 2657 738 2706 ad
763 2656 1189 2718 delectationem,
1211 2658 1311 2708 n‘on
1336 2659 1578 2709 nobilitas
1658 2660 1803 2710 ‘Has
1841 2660 2133 2724 provincias
2171 2667 2286 2710 tuas
2320 2654 2630 2723 frequenter
2663 2657 2724 2706 il-

508 2734 654 2783 urbis
695 2734 760 2783 ad
800 2735 1170 2798 cognitionem,
1206 2749 1309 2785 non
1348 2735 1578 2801 deniqne
1657 2735 1890 2786 lustres!

508 2809 657 2860 labor
677 2811 788 2873 ipse
812 2810 876 2877 ad
903 2809 1165 2874 quietem!

572 2893 596 2920 ⁰
633 2886 775 2934 Illum
794 2887 927 2934 modo
948 2884 1117 2950 Syria]
1152 2886 1255 2935 Ubi
1287 2886 1578 2938 Diocletia-

506 2975 604 3010 nus
627 2961 875 3011 adversns
902 2962 1157 3011 Narseum
1193 2963 1471 3014 Persarum
1495 2979 1603 3034 re·-

511 3050 649 3099 gem,
670 3051 786 3087 curn
811 3038 1108 3101 Saracenis,
1135 3046 1190 3089 et
1213 3040 1424 3090 Parthis
1459 3041 1576 3097 Ms-

508 3114 811 3177 sopotamiae
848 3121 1005 3177 atque
1037 3114 1295 3164 Armenioe
1318 3114 1572 3173 finitimis,

507 3189 748 3238 Romanis
767 3189 1049 3252 provinciis
1064 3190 1434 3249 imminentem,
1452 3206 1572 3253 pro·

505 3279 711 3328 gressus
734 3279 851 3314 cum
887 3267 1140 3321 exercitu,
1164 3280 1225 3316 ac
1247 3268 1397 3316 victis
1420 3269 1571 3316 Sara·

506 3343 667 3397 cenis,
700 3341 1012 3406 Parthisque
1045 3343 1180 3391 ultra
1214 3343 1417 3406 Tigrim
1451 3358 1570 3407 pro-

506 3417 685 3481 pulsis,
710 3418 968 3467 Narseum
993 3418 1161 3481 ipsum
1200 3416 1265 3468 ad
1291 3418 1569 3481 petendam

506 3508 625 3543 cum
648 3494 945 3544 muneribus
968 3508 1151 3557 pacem
1182 3494 1393 3557 adegit=
1427 3510 1572 3545 mox·

507 3586 608 3636 que
633 3573 899 3623 Sarmatas
923 3573 1148 3636 trajecto
1171 3572 1313 3625 Istro
1346 3564 1417 3622 in'
1433 3573 1570 3623 Pan-

504 3649 711 3717 noniam
737 3647 927 3698 effusos
949 3648 1277 3712 compressit.

569 3723 594 3759 ‘¹
648 3726 828 3775 Gamoe
881 3728 1051 3791 oppida
1103 3727 1452 3790 illustramus]
1506 3725 1571 3775 Id

504 3809 609 3863 est,
625 3803 713 3851 vix
731 3803 1077 3866 Bagaudicam
1101 3803 1408 3854 seditionem
1435 3816 1572 3852 com-

506 3895 793 3944 presseras.
846 3880 1026 3931 Simile
1052 3894 1174 3930 vero
1196 3888 1278 3929 est
1303 3880 1429 3929 illud
1449 3880 1572 3929 Tul·

503 3955 560 4005 lii
599 3970 695 4019 pro
733 3955 992 4004 Marcello
1030 3969 1150 4019 cap.
1183 3962 1234 4006 5.
1264 3955 1409 4006 ‘Nec
1447 3969 1573 4004 vero

502 4032 932 4097 disjunctissimas
975 4038 1144 4082 terras
1186 4031 1344 4082 citius
1401 4031 1572 4096 cujus-

503 4104 656 4172 qu'am
716 4108 953 4172 passibus
1010 4107 1235 4172 potuisse
1288 4109 1574 4173 peragrari,

504 4199 655 4249 quarn
696 4183 799 4234 tuis
837 4196 937 4233 non
975 4182 1144 4232 dicam
1182 4184 1440 4245 cursibus,
1478 4182 1571 4232 sed

504 4261 746 4314 victoriis
779 4260 1048 4312 illustratas
1082 4260 1241 4312 sunt.’
1300 4252 1570 4312 Et‘Pane-

1723 2818 1747 2844 θ
1766 2812 1933 2862 *Aroes
1958 2813 2162 2862 Monoeci
2189 2808 2440 2874 Herculis]
2477 2810 2720 2869 Monace,

1658 2900 1750 2935 seu
1790 2887 2094 2951 Mourgues,
2131 2885 2473 2950 print-ipatus,
2513 2900 2625 2952 arx,
2666 2894 2724 2936 et

1659 2971 1841 3025 portus
1882 2962 1932 3012 in
1973 2978 2064 3012 ora
2100 2962 2360 3024 maritima
2398 2960 2624 3025 Liguriae
2662 2956 2728 3027 de,

1655 3039 1704 3088 la
1736 3037 1839 3099 cote
1860 3055 1922 3089 οιι
1942 3039 2119 3089 νίυἰὲνε
2148 3039 2206 3088 de
2234 3038 2440 3089 Gennes.
2510 3039 2725 3099 Dicitur

1654 3114 1885 3164 Herculis
1905 3113 2118 3163 Moaoeci
2143 3119 2330 3176 portus,
2354 3112 2490 3178 quod
2516 3113 2720 3166 Hercu·

1653 3191 1729 3240 les
1773 3191 1933 3255 pulsis
1974 3190 2266 3254 hospitibus
2306 3198 2399 3240 ant
2453 3191 2593 3240 solus
2646 3189 2721 3240 ibi

1656 3269 1907 3331 regnarit,
1926 3273 2012 3316 aut
2037 3267 2177 3316 solus
2201 3266 2406 3331 privato
2441 3267 2490 3315 in
2522 3268 2720 3330 templo

1655 3344 1827 3393 cultus
1850 3341 2013 3392 fuerit
2035 3357 2049 3391 t
2086 3359 2115 3391 a
2136 3339 2298 3405 μόνος,
2317 3334 2538 3402 solu³‚'et
2559 3339 2716 3399 οἰκῶν,

1650 3420 1889 3471 habitans.
1940 3421 2056 3470 AEn.
2101 3419 2180 3470 vr.
2224 3423 2340 3469 829.
2397 3414 2720 3482 ‘Aggeribus'

1653 3504 1804 3544 sacer
1826 3495 2036 3559 Alpinis
2061 3502 2217 3558 atque
2240 3509 2361 3543 arce
2387 3493 2653 3544 Mouoeci.’
2718 3532 2731 3543 .

1719 3570 1738 3605 ¹
1755 3572 1817 3622 In
1835 3571 1988 3621 medio
2010 3569 2199 3633 Italia]
2219 3570 2518 3628 Mediolani,
2531 3584 2633 3635 quo
2650 3570 2720 3620 ad

1653 3648 1965 3699 seditionum
2001 3662 2181 3697 causas
2217 3647 2489 3709 tollendas,
2524 3647 2730 3710 eligen·›

1651 3724 1848 3789 dasque
1864 3726 2100 3774 Caesares
2122 3730 2477 3773 cmrvenerant
2494 3721 2726 3788 impera-·
2784 3743 2796 3756 ·

1656 3808 1814 3859 tores,
1838 3809 1895 3852 nt
1916 3815 2071 3863 supra
2095 3800 2312 3850 dictum.

1719 3885 1746 3922 Ι
1779 3876 2130 3941 Τήιιηιρὴαιίε]
2175 3870 2544 3927 Diocletianus
2585 3875 2717 3926 Per·

1655 3971 1756 4014 sas,
1779 3955 2130 4007 Maximianus
2154 3955 2205 4004 in
2237 3953 2408 4004 Gallia
2438 3953 2716 4017 Bagsudas

1653 4025 1965 4095 prostrarat.
2043 4030 2251 4080 Neuter
2306 4035 2483 4079 tamen
2538 4029 2718 4079 trium-

1654 4109 1810 4172 phum
1850 4104 2017 4172 quem'
2051 4113 2314 4156 meruerat
2357 4106 2594 4170 accipere
2631 4121 2714 4155 vo·

1652 4184 1779 4249 luit,
1804 4186 1974 4235 donec
2009 4184 2306 4235 exorientes
2340 4197 2503 4234 novos
2543 4189 2715 4233 motus

1652 4262 2064 4326 compressisset.
2714 4273 2725 4287 ·
