3084 4959
531 364 706 435 1106
1315 381 1394 430 H.
1434 382 1495 431 s.
1546 378 1979 430 Amr'rzuNu
2107 413 2113 422 .

528 528 837 596 Venetus
867 545 1026 594 esse
1055 524 1350 604 videtur,
1381 544 1426 591 a
1453 525 1808 593 Gronovio
1833 522 2288 593 memoratus!
2368 524 2542 593 Sunt
2570 546 2745 613 quo-

527 651 665 716 que
695 631 815 697 alii
848 630 1142 696 Parisiis
1170 631 1240 695 in
1274 628 1713 697 Bibliotheca
1742 628 1985 711 Regia,
2027 635 2093 695 et
2129 628 2525 697 colbertina
2553 631 2743 716 apud

525 732 1174 800 Montfaueonium.‘

611 836 999 903 Finitimum
1030 843 1156 913 est,
1189 842 1266 900 ut
1294 835 1378 901 de
1407 834 1820 901 editionibus
1860 854 2225 919 exponam,
2258 834 2377 899 sed
2410 855 2567 900 cum
2596 837 2740 921 ple·

517 940 746 1023 risque
804 958 968 1003 usus
1023 938 1228 1004 fuerit
1280 940 1366 1003 ol.
1410 939 1459 1004 J
1463 958 1748 1020 aegerns,
1796 937 2009 1002 otium
2057 938 2221 1002 mihi
2279 938 2486 1005 faciet
2535 959 2739 1005 aceu-

517 1046 668 1108 rata
700 1042 918 1126 ipsius
948 1043 1015 1105 in
1047 1040 1453 1107 Praet'atione
1484 1040 1857 1123 diligentia.
1949 1038 2176 1118 Quam
2214 1046 2431 1105 tamen
2461 1060 2736 1124 compa·

515 1163 663 1209 rare
707 1144 890 1209 haud
936 1144 1182 1228 potuit,
1237 1163 1328 1208 ex
1384 1143 1864 1227 antiquissima
1904 1140 2294 1219 Puteolani,
2342 1142 2426 1207 de
2469 1161 2607 1226 qua
2644 1142 2734 1209 ad

516 1245 821 1331 Plinium
853 1254 1047 1330 pater
1081 1264 1292 1324 mene,
1323 1245 1659 1311 variantes
1692 1243 1951 1309 addidi.
2042 1243 2296 1308 Praeter
2326 1243 2593 1308 tertiam
2620 1244 2732 1310 ed.

513 1347 804 1415 Henrici
835 1348 1188 1431 Stephani,
1212 1346 1407 1412 1604.
1438 1366 1642 1430 quam
1674 1346 2024 1439 consuluit
2040 1346 2089 1411 J
2093 1365 2373 1429 aegerus,
2392 1345 2536 1411 vidi
2564 1366 2732 1431 quo-

511 1468 642 1535 que
673 1448 970 1536 ejusdem
1002 1448 1368 1514 secundam
1392 1448 1594 1513 1591.
1625 1448 1909 1531 primam
1942 1449 2221 1515 dederat
2249 1448 2447 1513 1581.
2475 1446 2560 1512 de
2591 1468 2730 1532 qua

510 1548 846 1630 Modiam*
869 1571 1106 1617 omnes·
1128 1557 1357 1615 autem
1387 1549 1631 1613 minori
1654 1550 1896 1629 forma,
1916 1559 1983 1616 et
2016 1557 2329 1617 accurate
2353 1550 2729 1616 Frobenia-

506 1673 688 1733 nam,
749 1655 893 1719 sive
941 1654 1276 1730 Rhenani,
1332 1659 1638 1728 secutus,
1686 1672 1891 1737 quare
1944 1673 2143 1719 unam
2195 1652 2727 1736 Stephanianam

506 1758 853 1826 nominare
902 1756 970 1820 in
1027 1755 1449 1822 variantibus
1499 1755 1857 1821 suffecerit.
1964 1755 2079 1822 Ab
2130 1754 2258 1821 hac
2302 1775 2460 1820 vero
2506 1754 2727 1820 differt

506 1859 647 1934 alia
679 1858 906 1924 Paulli
937 1857 1287 1941 Stephani,
1319 1877 1427 1921 an.
1457 1857 1652 1921 1600.
1701 1856 1995 1921 Livineii
2033 1865 2298 1936 textum
2347 1858 2724 1940 praesertim

506 1964 745 2038 secuti,
778 1981 985 2046 quam
1026 1960 1221 2026 1625.
1270 1960 1687 2043 repetierunt
1719 1958 1962 2023 Petrus
1992 1967 2063 2024 et
2091 1960 2140 2025 J
2143 1960 2403 2025 acohus
2434 1957 2721 2037 Chouet,

502 2064 685 2129 illam
718 2083 872 2131 vero
903 2061 1197 2127 Henriei
1229 2061 1558 2146 Stephani
1584 2061 1831 2126 Petrus
1853 2061 2117 2128 Chouet
2145 2061 2343 2126 1632.
2374 2066 2723 2145 utramque

499 2166 573 2230 in
606 2187 735 2231 suo
765 2167 918 2232 edd.
968 2166 1278 2248 catalogo
1319 2164 1547 2230 omisit
1589 2165 1923 2248 JaegeruS,
1968 2165 2121 2247 ipse
2161 2168 2412 2244 autem,
2444 2170 2721 2248 propter

499 2288 906 2334 consensum
939 2288 1094 2335 oum
1125 2267 1615 2353 Stephaniana‚
1641 2269 1708 2332 in
1739 2268 1923 2334 notis
1947 2268 2211 2351 neglexi
2243 2267 2717 2352 posteriorem.

498 2372 782 2463 Silentio
839 2390 1116 2455 quoque
1174 2372 1611 2454 praetermisit
1666 2371 1715 2436 J
1716 2389 1977 2455 aegerus
2034 2370 2255 2436 visam
2301 2390 2345 2435 a
2389 2388 2498 2434 me
2549 2368 2718 2433 edit.

494 2461 697 2540 Jenae
727 2474 922 2539 1650.
956 2480 1022 2539 et
1055 2474 1482 2540 Franoofurti
1513 2474 1601 2540 ad
1633 2475 1968 2541 Viadrum
1997 2471 2196 2538 1665.
2238 2491 2444 2557 quam
2480 2471 2715 2537 Fabri-

495 2572 621 2659 eii·i
650 2577 1049 2642 auctoritate
1088 2574 1373 2642 Andteae
1412 2574 1670 2642 Rivirio
1699 2576 1927 2655 tribui,
1961 2574 2270 2661 quamvis
2303 2574 2389 2637 de
2417 2591 2501 2638 eo
2543 2572 2713 2638 nihil

491 2679 561 2743 in
614 2678 1025 2743 Praefatione
1079 2680 1412 2744 monuerit
1464 2679 1927 2764 typographus
1981 2677 2495 2744 Glosemannus.
2583 2674 2713 2738 Le-

491 2787 735 2863 guntur
764 2780 851 2846 ad
881 2782 1084 2846 imam
1117 2782 1186 2845 in
1218 2800 1298 2846 ea
1319 2783 1642 2865 paginam..
1661 2780 2091 2865 conjecturae,
2111 2780 2459 2863 pleraeque
2484 2783 2711 2842 tamen

491 2882 825 2948 Rhenani.
898 2883 1010 2948 Ex
1042 2884 1172 2962 his,
1206 2883 1495 2968 aliisque
1523 2883 1677 2949 edd.
1709 2883 2047 2948 variantes
2078 2880 2426 2964 diligenter
2455 2880 2710 2957 notavi,

487 3004 571 3049 ne
591 2986 754 3069 quid
780 2986 1070 3064 deesset,
1097 2985 1261 3072 quia
1285 2984 1372 3049 ad
1399 2984 1869 3050 Mamertinum
1892 2983 1988 3048 ita
2009 2981 2373 3067 praeiverat
2397 2978 2710 3045 Schwar·

488 3087 662 3166 ziuS,
692 3088 1008 3172 quamvis
1050 3087 1443 3170 ceteroquin
1475 3087 1835 3172 plerasque
1874 3086 2108 3170 potius
2138 3084 2564 3166 omisissem3
2605 3084 2706 3147 ni-

486 3188 581 3254 hil
607 3179 784 3254 enim
812 3189 1081 3268 habent,
1115 3190 1299 3273 quod
1334 3209 1472 3255 non
1505 3197 1621 3256 aut
1655 3189 1995 3265 Rhenani,
2018 3194 2138 3252 aut
2165 3186 2459 3253 Livineii
2488 3187 2707 3274 textui

487 3291 869 3357 conveniat.
958 3290 1274 3355 Eumenii
1325 3310 1449 3374 pro
1496 3290 1965 3356 Instaurandis
2015 3289 2285 3354 Scholis
2336 3288 2703 3355 editionem
2737 3327 2746 3334 -

485 3411 641 3458 cum
671 3393 1035 3459 Schwarzii
1065 3393 1272 3473 notiS,
1300 3397 1369 3457 et
1409 3390 1726 3458 Rhetoris
1764 3393 1933 3469 vita,
1962 3412 2076 3459 an.
2107 3392 2301 3457 1716.
2333 3411 2538 3475 quam
2567 3412 2703 3457 me·

474 3501 708 3561 -rnorat
739 3490 1156 3574 Harlesius,k
1184 3513 1314 3559 non
1357 3494 1517 3573 vidi,
1562 3512 1787 3579 neque
1829 3494 1981 3579 ejus
2023 3493 2324 3559 meminit
2363 3493 2702 3577 JaegeruS,

484 3598 601 3681 qui
642 3605 870 3662 tamen
913 3596 1072 3661 inde
1118 3592 1433 3660 Eumenii
1471 3596 1712 3677 vitam,
1762 3603 1835 3664 et
1877 3591 2247 3662 Schwarzii
2286 3601 2485 3660 notas
2524 3596 2700 3661 forte

486 3699 918 3764 transtulerit.
2239 3754 2263 3775 ,

443 3792 457 3806 ’
570 3800 999 3865 Eruditorum
1033 3799 1569 3881 ohservationes,
1595 3801 1803 3866 etiam
1837 3800 2109 3867 aliunde
2135 3799 2487 3880 collectaS,
2512 3820 2695 3867 eom-

545 3997 567 4032 ί
591 3999 787 4065 Syllog.
806 4000 1244 4052 Burmannktom.
1267 4014 1333 4051 u.
1354 4015 1407 4065 p.
1429 4002 1547 4052 601.
1626 4002 1848 4053 Livineii
1883 4001 2136 4067 judicium
2179 3999 2231 4049 iu
2275 3999 2473 4065 Syllog.
2519 4002 2695 4067 Epist.

543 4084 570 4122 ε
601 4078 853 4127 Biblioth.
894 4077 1035 4127 Bihl.
1078 4084 1202 4127 tom.
1240 4090 1302 4127 11.
1342 4092 1396 4141 p.
1424 4080 1543 4129 760.
1625 4079 1913 4129 Burmanni
1936 4085 2061 4128 tom.
2083 4091 2124 4127 ι.
2147 4089 2198 4139 ρ.
2219 4080 2337 4126 640.

477 4160 619 4202 num.
644 4157 793 4203 6118.
813 4160 868 4203 et
890 4167 944 4217 p.
965 4157 1081 4203 952.
1101 4167 1152 4203 n.
1176 4156 1324 4204 1789.
1695 4153 1710 4188 ¹
1735 4154 1983 4204 Biblioth.
2006 4152 2179 4203 Latin.
2206 4159 2331 4201 tom.
2354 4164 2391 4202 1.
2415 4165 2467 4216 p.
2488 4155 2607 4204 482.

540 4227 565 4263 ¹¹
599 4230 832 4281 Novant.
874 4228 1111 4282 Lection.
1150 4228 1325 4295 Epist·
1357 4233 1441 4281 79.
1483 4234 1540 4280 et
1687 4227 1713 4263 ¹⁸
1747 4229 1923 4281 Notit.
1946 4230 2114 4281 Liter.
2140 4226 2358 4280 Roman.
2377 4243 2431 4295 p.
2452 4232 2568 4280 559.
