3084 4959
778 376 1234 438 MAxuuANo
1284 385 1378 434 m·
1425 382 1998 436 coNs'rAN‘rmo.
2046 387 2147 434 vr.
2194 370 2305 437 13.
2475 371 2655 439 1339

444 556 757 641 quamvis
789 555 1226 635 dissidenteS‚
1249 556 1546 621 familias
1568 555 1863 622 Gracchi
1896 561 1965 623 et
1995 554 2323 621 Corneliae
2347 554 2376 594 ‘¹
2419 557 2656 621 matri-

442 660 738 727 monium
776 657 1045 723 reduxit
1079 659 1147 722 in
1197 661 1523 741 gratiam3
1571 659 1632 724 si
1682 677 1805 742 pro
1853 659 2037 723 Divo
2076 654 2387 740 Augusto
2419 654 2654 724 Actia-

443 777 591 826 cam
618 762 972 827 victoriam
994 768 1018 795 ⁶
1043 760 1513 825 tantummodo
1537 780 1740 844 gener
1763 760 2069 843 Agrippa
2087 754 2112 794 f
2131 759 2421 824 confecit
2441 778 2461 841 3
2485 760 2650 844 quid

442 863 850 948 sperandum
889 870 1019 942 est,
1063 883 1217 927 cum
1263 866 1739 948 sempiternam
1774 863 1985 947 patris
2033 883 2113 927 ac
2152 861 2276 926 filii
2306 863 2650 929 caritatem

442 966 645 1031 etiam
694 967 1073 1048 nuptiarum
1116 965 1345 1030 foedus
1387 966 1828 1030 astrinxerit?
1893 966 1983 1029 -5.
2032 964 2237 1043 Quod
2270 965 2331 1029 si
2364 963 2651 1030 Publius

442 1068 677 1152 Scipio
708 1069 960 1133 bellum
994 1067 1329 1134 Punicum
1353 1070 1662 1153 suscepit
1687 1069 2145 1145 adolescens,ss
2170 1069 2390 1150 ipsum
2412 1072 2652 1151 postea

434 1176 878 1253 superaturus
927 1169 1474 1253 Hannibalem3¹²
1522 1173 1583 1236 si
1624 1168 1925 1237 Mariusi
1969 1190 2011 1234 a
2038 1170 2342 1236 factione
2375 1170 2656 1253 Syllana

438 1274 668 1336 urbem
729 1273 980 1355 recepit
1042 1292 1275 1349 senex,
1329 1274 1533 1357 idque
1579 1294 1818 1356 magno
1866 1272 2221 1337 intervallo
2274 1276 2649 1356 temporum

440 1374 748 1439 evenisse
799 1375 1230 1438 memorabile
1267 1380 1410 1455 est3
1458 1396 1664 1459 quam
1705 1375 1906 1440 facile
1943 1394 2116 1442 nunc
2163 1393 2396 1438 omnes
2426 1381 2649 1438 metus

438 1485 642 1559 ponet
668 1474 984 1540 Romana
1011 1476 1422 1559 respublica,
1446 1498 1603 1562 quae
1630 1477 2005 1543 defenditur
2021 1477 2365 1562 conjuncti
2388 1478 2651 1560 imperii

346 1569 351 1576 ’
437 1576 702 1641 duabus
735 1579 1082 1657 aetatibuS,
1108 1578 1489 1663 pariterque·
1518 1582 1724 1645 utitur
1754 1581 1997 1645 virtute
2013 1579 2311 1664 juveniS,
2340 1585 2407 1646 et
2434 1591 2649 1644 matu-

438 1679 631 1744 ritate
661 1680 991 1745 senioris?

438 1910 641 1962 Bertin.
675 1910 805 1959 Exc.
838 1912 1002 1974 Laug.
1039 1909 1252 1974 Cuspiu.
1281 1911 1438 1960 Grut.
1463 1915 1518 1959 et
1541 1914 1860 1960 recentt.—4
1896 1909 2063 1960 Livin.
2096 1909 2394 1968 desitiates,-
2427 1910 2656 1966 Ritters.

437 1977 578 2040 conj.
610 1975 924 2024 dissidentes:
960 1984 1017 2024 et
1054 1978 1128 2024 sic
1166 1991 1344 2025 ornnes
1379 1976 1502 2027 edd.
1543 1983 1668 2024 aute
1698 1976 1871 2026 Lirin.
1902 1976 2151 2024 victoriam
2185 1980 2372 2024 tautam
2391 1990 2487 2024 noa
2514 1978 2654 2040 conj.

438 2042 645 2091 Daniel.
677 2055 777 2089 esse
812 2040 1084 2104 nuptiarum
1117 2039 1346 2105 Guelph.
1385 2041 1716 2105 improbante
1752 2040 2029 2090 Arma—5
2065 2040 2202 2089 Edd.
2234 2047 2364 2089 vett.
2397 2041 2651 2090 intervallo

440 2106 704 2170 tempori&
739 2105 862 2154 Vet.
900 2106 1123 2156 Putean.
1157 2112 1420 2170 temporum
1455 2108 1744 2166 intervallo:
1779 2106 1899 2155 Vct.
1939 2105 2105 2154 Lirin.
2143 2104 2348 2154 Bertiu.
2399 2104 2651 2155 intervallo

437 2175 749 2284 tempor-mg.fi
778 2170 1005 2238 Guelph.
1038 2176 1190 2221 metus
1210 2185 1384 2222 omues.
1450 2171 1602 2221 Idem
1630 2170 1797 2222 codex
1832 2172 2059 2238 ignorat,
2089 2169 2269 2219 duabus
2292 2170 2532 2226 oetatibua,
2566 2173 2650 2235 qe.

437 2250 602 2301 usque
628 2250 658 2283 a
755 2249 889 2287 nem.

1433 2332 1653 2384 NOTAE

495 2411 521 2447 ἅ
556 2414 768 2462 Gracchi
818 2419 867 2463 et
923 2414 1183 2479 Cornelia]
1257 2415 1498 2465 Tiberius
1579 2414 1654 2463 ris
1675 2411 1834 2476 filius,
1856 2417 1908 2462 9.
1929 2427 2092 2464 anuos
2116 2419 2291 2474 natus,
2311 2426 2341 2463 a
2364 2419 2515 2475 patre
2539 2412 2645 2463 aria

431 2487 770 2553 Sempronius
812 2490 1081 2541 Gracchus
1130 2499 1328 2554 praetor
1372 2492 1495 2542 Gal·
1580 2491 1837 2547 admotus,
1859 2490 2032 2540 odium
2056 2491 2105 2539 in
2131 2491 2389 2539 Romanos
2413 2504 2643 2553 perenne

430 2561 554 2615 iiam
611 2566 828 2617 domuit.
925 2568 1119 2619 Consul
1173 2584 1258 2618 an.
1312 2570 1380 2620 U.
1435 2569 1498 2619 C.
1570 2569 1791 2633 juravit.
1852 2566 2056 2617 Exinde
2080 2567 2368 2629 Saguntum
2399 2565 2648 2616 Romania

431 2655 666 2709 ptxxvr.
708 2643 1049 2707 Hispaniam;
1101 2646 1269 2695 altero
1313 2659 1495 2695 consu-

428 2720 537 2770 latu
576 2720 868 2774 Sardiniam
904 2721 1150 2794 subegit:
1197 2722 1276 2772 bis
1316 2722 1496 2772 trium·

429 2796 631 2862 plinit.
696 2797 750 2846 Is
785 2812 970 2859 graves
1003 2813 1118 2848 cum
1151 2797 1398 2863 Scipione
1426 2799 1496 2849 A·

425 2870 627 2921 fricano
643 2871 847 2936 Majore
867 2874 1030 2936 gessit
1050 2874 1367 2936 inimicitias,
1383 2876 1496 2940 qui-

427 2947 527 2997 bus
548 2954 723 2998 tamen
761 2950 889 3011 reip.
911 2964 1064 2999 eausa
1086 2951 1359 3014 depositis,
1379 2953 1495 3016 ejus

427 3021 588 3073 tiliam
615 3023 912 3073 Corneliam
938 3024 1088 3073 duxit
1113 3026 1407 3090 conjugem.

494 3107 519 3134 ⁸
548 3100 800 3151 Actiacum
832 3100 1106 3165 victoriam]
1162 3102 1243 3152 Ad
1280 3102 1493 3153 Actium

430 3192 514 3227 an.
569 3179 639 3229 U.
691 3180 752 3228 C.
805 3191 1079 3228 nccxxw.
1146 3180 1367 3228 relatum
1413 3194 1496 3229 xv.

430 3255 567 3306 Non.
603 3255 754 3319 Sept.
798 3254 1010 3305 Actium
1057 3261 1229 3306 autem
1274 3258 1397 3305 urba
1440 3264 1497 3306 et

428 3333 838 3395 promontorium
863 3338 942 3381 est
976 3332 1145 3395 Epiri,
1179 3332 1245 3381 ad
1275 3348 1333 3383 os
1352 3334 1494 3385 sinus

428 3403 691 3456 Ambracii
723 3417 909 3457 contra
936 3408 1250 3473 Nicopolim,
1275 3410 1361 3459 ubi
1385 3426 1493 3460 maa

426 3482 602 3532 ritimo
628 3485 807 3547 praelio
834 3486 1001 3533 victus
1024 3497 1106 3536 est
1131 3485 1406 3536 Antonius.

494 3555 515 3592 ἲ
545 3559 707 3609 Gener
745 3561 992 3626 Agrippa]
1031 3563 1227 3613 Juliam
1261 3564 1492 3628 Augusti

426 3634 586 3685 filiam
621 3635 799 3685 duxit:
838 3645 918 3685 ter
952 3640 1128 3687 consul
1164 3637 1282 3690 fuit.
1348 3642 1492 3692 Huic

426 3711 639 3762 Actiaci
697 3712 818 3762 belli
874 3727 997 3761 cura
1058 3717 1335 3763 commissa
1389 3725 1492 3766 est.

426 3788 574 3853 Vir'g.
600 3789 715 3839 AEn.
738 3802 816 3837 vi.
838 3792 953 3839 682.
987 3795 1002 3817 ‘
1030 3789 1190 3838 Parte
1224 3791 1342 3853 alia,
1369 3806 1491 3840 ven·

427 3863 495 3913 tis
512 3874 568 3915 et
585 3865 699 3914 Diis
719 3863 958 3928 Agrippa
976 3865 1222 3915 secundis
1246 3864 1492 3930 Arduus,'

424 3944 524 3993 &a
614 3941 619 3946 “

488 4026 516 4063 e
548 4018 769 4081 Suscepit
811 4018 1100 4084 adolescens]
1146 4018 1275 4068 Cum
1332 4032 1490 4068 anno·

1578 2642 1886 2694 foederatam
1911 2643 2124 2707 evertit,
2157 2642 2210 2692 in
2244 2641 2451 2689 ltaliam
2486 2641 2644 2706 traje-

1579 2722 1670 2784 cit,
1728 2721 1791 2770 P.
1836 2719 2133 2782 Scipionem
2191 2718 2330 2783 apud
2385 2717 2643 2784 Ticinum,

1577 2797 1936 2861 Sempronium
1970 2795 2205 2858 Longum
2228 2793 2365 2857 apud
2385 2793 2646 2858 Trebiam,

1579 2873 1885 2922 Flaminium
1920 2870 2060 2935 apud
2095 2870 2475 2933 Trasimenum,
2507 2868 2644 2930 Pau·

1579 2949 1681 2997 lum
1705 2957 1762 2997 et
1782 2948 2068 2998 Varronem
2099 2944 2237 3009 apud
2271 2946 2476 2995 Cannas
2509 2959 2642 3008 prae·

1579 3025 1650 3074 lio
1693 3024 1838 3073 vicit.
1904 3024 2051 3072 Idem
2101 3021 2401 3086 Campania
2437 3022 2641 3072 deliciis

1580 3098 1776 3150 fractus
1795 3099 2015 3163 primum
2042 3115 2073 3148 a
2096 3098 2279 3162 Fabio,
2303 3107 2411 3149 tum
2434 3114 2465 3152 a
2485 3101 2642 3151 Vale-

1580 3181 1659 3230 rio
1698 3181 1908 3243 Flacco,
1943 3180 2129 3229 iterum
2157 3196 2187 3230 a
2210 3180 2442 3236 Galerio,
2477 3180 2642 3231 Grac·

1578 3257 1678 3306 cho
1702 3266 1758 3307 et
1791 3258 2041 3319 Scipione
2074 3248 2385 3321 'superatum
2416 3256 2484 3308 ad
2520 3257 2641 3307 ulti·

1577 3348 1716 3383 mum
1747 3348 1812 3383 ne
1837 3334 2081 3384 Romania
2108 3334 2426 3397 traderetur,
2456 3334 2642 3383 hausto

1576 3410 1714 3477 quod
1754 3413 1849 3462 sub
1885 3414 2125 3462 annulum
2166 3412 2395 3463 habebat
2436 3426 2640 3462 veneno

1574 3490 1843 3540 absumtos
1867 3498 1967 3540 est.
2031 3491 2155 3541 vid.
2180 3489 2313 3540 Aur.
2336 3490 2540 3540 Victor.

1639 3563 1654 3599 ί
1685 3566 1900 3629 Marius]
1946 3567 2009 3616 C.
2044 3565 2245 3614 Marius
2292 3569 2411 3628 post
2444 3563 2639 3627 Jugur·

1576 3642 1715 3690 tham
1737 3649 1857 3690 aute
1878 3656 2086 3690 currum
2103 3647 2300 3699 actum,
2317 3646 2432 3703 post
2447 3639 2642 3688 Teuto-

1575 3731 1665 3765 nas
1690 3718 1741 3765 in
1767 3716 1976 3778 Galliis,
2001 3716 2237 3765 Cimbros
2271 3715 2322 3764 iu
2356 3714 2516 3763 Italia
2538 3715 2640 3765 vic-

1575 3798 1678 3856 tos,
1701 3797 1757 3840 et
1777 3792 2091 3854 triumphum
2117 3798 2640 3856 actum,exactonque

1575 3868 1626 3917 in
1665 3867 1825 3918 exilio
1861 3868 2059 3931 aliquot
2095 3881 2273 3922 annos,
2309 3865 2484 3915 urbem
2520 3879 2639 3917 cum

1575 3944 1743 3994 Cinna
1780 3950 1836 3992 et
1877 3944 2111 3991 Sertorio
2152 3943 2415 4006 ingressus
2459 3956 2572 3992 eam
2608 3960 2640 3993 a

1575 4020 1788 4085 Syllana
1824 4017 2055 4069 factione
2090 4019 2283 4083 eripuit
2305 4020 2415 4084 jam
2447 4019 2640 4077 senior.

425 4110 538 4146 rum
562 4102 700 4145 esset
735 4097 820 4144 24.
847 4102 903 4143 ut
927 4092 1171 4158 diximus,
1202 4095 1360 4145 Plinii
1384 4096 1489 4144 Pa·
1570 4094 1847 4161 factusque
1887 4103 1968 4145 est
2008 4096 2284 4161 septimum
2331 4096 2510 4145 consui
2551 4110 2637 4147 au.

426 4187 544 4237 neg.
566 4189 682 4237 cap.
703 4186 832 4222 xm.
855 4178 965 4221 not.
987 4170 1018 4220 ¹.

487 4247 513 4284 ¹¹
545 4248 892 4314 Hannibalem]
929 4246 1196 4303 Hannibal
1222 4247 1486 4302 Hamilca-

1571 4174 1639 4226 U.
1661 4173 1722 4226 C.
1746 4186 2021 4225 ncnxvm.
2090 4171 2175 4224 cf.
2197 4171 2327 4225 Aur.
2351 4171 2555 4224 Victor.
