3084 4959
735 770 1347 865 LECTORI
1460 766 2237 865 BENEVOLO

1200 1087 1207 1092 -
1283 1041 1356 1108 S.
1427 1039 1511 1106 P.
1581 1040 1673 1104 D.

496 1245 1061 1373 ammons
1096 1235 1101 1240 ⁴
1139 1292 1641 1372 JOANNFS
1722 1291 2452 1372 ARNTZENqu.

239 1876 246 1883 ,
369 1779 489 1867 M
492 1820 610 1869 1111
643 1805 945 1891 quidem,
971 1825 1442 1894 saepenumero
1469 1808 1599 1875 bos
1621 1807 2086 1894 Panegyricos
2116 1806 2581 1886 consideranti,

368 1926 654 1991 quorum
703 1908 904 1975 fidem
957 1912 1024 1976 in
1070 1911 1510 1978 contexendis
1540 1910 1793 1979 Patriae
1837 1915 2105 1988 nostroe,
2142 1910 2270 1976 sub
2304 1907 2582 1975 Diocle-

367 2008 555 2075 tiano
606 2014 673 2075 et
723 2010 1195 2093 Constantino,
1245 2012 1625 2080 Annalibus
1669 2013 2050 2099 praesertim
2110 2019 2393 2079 secutus
2444 2018 2579 2091 est,

366 2112 681 2179 omnibus
702 2113 790 2180 ad
813 2114 1196 2183 Historiam
1221 2118 1646 2184 scribendam
1676 2115 2016 2202 praesidiis
2040 2120 2335 2201 paratus,
2360 2114 2581 2180 Janus

365 2211 885 2297 Wagenaarius,
922 2238 1228 2305 quosque
1271 2222 1638 2305 praeclaros
1665 2229 1753 2286 et
1789 2220 1992 2287 valde
2035 2218 2412 2286 laudabiles
2457 2236 2580 2301 ap-

362 2315 583 2400 pellat
613 2317 1056 2401 Pontanus3⁸
1099 2323 1317 2388 bonos
1348 2323 1694 2400 Oratores,
1726 2327 1794 2388 et
1830 2321 1920 2389 ad
1961 2319 2215 2387 Atticae
2261 2319 2573 2403 eloquen-

364 2419 483 2486 tiae
516 2424 887 2507 exemplar,
939 2424 1218 2510 Lipsius
1238 2446 1258 2509 ;
1277 2424 1305 2465 '³
1347 2431 1838 2512 praeceptorum
1868 2426 2200 2509 regiorum
2235 2425 2567 2496 auctores,

362 2521 688 2590 Bartbius
710 2534 774 2607 ;‘²
801 2526 963 2592 mibi
991 2526 1193 2611 igitur
1221 2529 1348 2596 hos
1378 2528 1839 2596 consideranti
1870 2527 2077 2593 dubia
2109 2540 2577 2608 saepenumero

361 2623 491 2691 fuit
517 2627 709 2703 ratio,
741 2628 904 2712 quid
933 2635 1137 2708 esset,
1168 2650 1313 2710 cur,
1343 2630 1499 2696 inde
1527 2652 1572 2697 a
1602 2630 1923 2706 Grutero,
1955 2628 2027 2693 in
2065 2626 2308 2693 iisdem
2336 2624 2578 2691 liman-

365 2727 471 2794 dis
501 2730 668 2795 nihil
699 2730 1060 2815 perfectius
1090 2734 1499 2818 protulerint
1526 2734 1651 2814 illi,
1674 2734 1792 2821 qui
1822 2735 1895 2799 in
1923 2733 2029 2797 bis
2059 2727 2575 2806 elaboraverint,

365 2852 627 2898 summa
653 2834 965 2917 quamvis
1007 2843 1244 2902 essent
1284 2836 1687 2915 eruditione,
1719 2841 1786 2903 et
1813 2855 1953 2900 non
1983 2851 2196 2918 parva
2222 2834 2290 2898 in
2321 2830 2578 2897 talibus
2648 2852 2652 2855 ·

364 2935 804 3017 auctoritate;
849 2936 1025 3002 adeo
1076 2938 1250 3003 enim
1295 2938 1365 3004 in
1413 2940 1611 3020 locis,
1660 2938 1866 3023 longa
1909 2943 2288 3020 temporum
2330 2932 2577 3019 injuria

365 3034 650 3112 affectis,
695 3036 1102 3121 negligenter
1147 3041 1407 3107 versati
1451 3040 1742 3120 fuerunt,
1775 3045 1852 3106 ut
1894 3058 1979 3104 nc
2016 3037 2229 3103 libelli
2272 3034 2573 3120 quidem,

362 3157 497 3223 quo
526 3138 865 3204 variantes
893 3160 983 3205 ex
1013 3141 1212 3207 codd.
1243 3142 1477 3209 Veteri
1509 3149 1581 3210 et
1609 3142 1979 3217 Vaticano,
2009 3139 2344 3206 lectiones
2369 3136 2573 3204 Clau-

364 3239 462 3304 dii
513 3240 806 3306 Puteani
842 3241 1180 3310 industria
1229 3252 1687 3329 congesserat,
1725 3243 1931 3309 ullam
1975 3240 2328 3306 habuerint
2363 3238 2574 3305 ratio·

362 3362 536 3423 nem,
567 3345 885 3428 quamvis
912 3346 1065 3412 illos
1097 3368 1189 3415 ex
1217 3348 1326 3416 ed.
1373 3348 1744 3415 Parisiensi
1778 3346 2004 3431 fugere
2034 3362 2173 3408 non
2202 3342 2571 3422 debuisset,

364 3446 674 3532 tantique
726 3454 911 3515 esset
958 3451 1180 3534 pretii,
1226 3456 1298 3517 ut
1333 3470 1424 3518 ex
1469 3471 1553 3518 eo
1582 3470 1787 3537 quam
1815 3450 2109 3533 plurima
2138 3445 2397 3510 restitui
2426 3445 2572 3510 feli-

364 3548 641 3615 cissime
685 3551 1080 3634 potuissent.
1171 3552 1248 3620 Is
1298 3554 1564 3621 demum
1613 3557 1761 3621 erat
1808 3550 2223 3618 clarissimus
2263 3545 2571 3613 Schwar-

363 3651 533 3730 zius,
565 3671 607 3717 a
635 3651 834 3737 cujus
864 3653 1302 3739 intelligentia
1330 3656 1461 3723 boc
1491 3676 1633 3722 non
1658 3662 1802 3722 erat
1831 3656 2181 3728 remotum,
2205 3668 2387 3726 cum,
2419 3648 2572 3715 aliis

362 3763 638 3839 quoque
684 3755 881 3821 codd.
930 3757 1234 3843 adjutus,
1268 3758 1353 3825 ad
1396 3764 1753 3842 utrumque
1783 3751 2177 3822 Mamertini
2206 3751 2572 3835 Panegyri-

360 3875 527 3934 cum⁵
565 3877 718 3924 sese
758 3859 1135 3943 applicaret
1180 3862 1772 3931 observationibus
1817 3856 2306 3934 illustrandum,
2336 3854 2572 3920 admo·

424 4066 451 4095 ⁸
483 4058 568 4110 Ad
591 4059 916 4111 Macrobium
940 4061 1153 4115 Saturn.
1178 4078 1228 4116 v.
1252 4070 1333 4117 16.
1506 4070 1624 4117 266.
1662 4064 1800 4115 adde
1837 4063 1935 4114 viri
1972 4062 2038 4113 cl.
2067 4058 2328 4126 judicium
2377 4056 2430 4107 iu
2478 4056 2572 4107 Bi·

423 4136 450 4171 “’
484 4137 631 4201 Opp-
654 4137 714 4186 '1'-
739 4151 779 4187 ¹·
800 4152 852 4202 p.
877 4142 991 4190 104.
1506 4143 1687 4196 blioth.
1709 4140 1890 4195 eruic.
1912 4139 2015 4191 vol.
2038 4151 2101 4189 u.
2125 4142 2262 4204 part.
2286 4147 2325 4185 ι.
2348 4147 2401 4199 p.
2427 4136 2507 4184 ιο.

422 4222 448 4248 e
480 4200 564 4263 Ad
603 4212 877 4264 Claudiam.
911 4215 1070 4271 cons.
1105 4217 1308 4271 Honor.
1342 4233 1424 4271 w.
