3084 4959
484 333 658 401 1176

486 494 547 561 si
577 512 725 569 vos,
755 492 1101 576 stipatoslm
1137 494 1359 557 vestro
1389 494 1649 562 senatu,
1676 491 1746 555 in
1773 486 1890 554 illa
1919 484 2287 571 Capitolini
2316 487 2364 553 J
2367 486 2518 554 ovis
2546 508 2697 554 arce

485 594 943 679 conspiceret!
991 612 1147 680 quae
1192 611 1368 657 nuuc
1411 594 1561 658 sine
1601 591 1808 657 dubio
1852 591 2277 675 praesentiam
2320 596 2521 657 vestri
2565 592 2696 656 sibi

483 698 695 782 fingit,
725 697 910 764 aedes
957 706 1329 761 vestrorum
1360 696 1708 760 numinum
1753 692 2265 777 frequentandO,
2297 699 2363 759 et
2393 694 2699 775 ibidem,¹¹

487 801 665 867 sicut
710 820 752 866 a
792 800 1162 885 majoribus
1206 799 1593 864 institutum
1632 803 1758 876 est,
1789 796 2166 862 invocando
2213 797 2547 863 Statorem
2575 797 2696 863 Jo-

485 922 665 982 vem,
694 901 1198 987 Herculemque
1225 901 1601 966 Victorem.
1684 902 1749 965 5.
1797 898 1958 971 Hoc
1997 900 2177 963 enim
2217 900 2559 983 quondam
2597 900 2700 966 illi

486 1004 641 1070 Deo
673 1023 1037 1085 cognomen
1067 1003 1390 1087 ascripsit
1417 1003 1528 1080 is‚⁰
1558 1002 1701 1085 qui,
1728 1020 1880 1066 cum
1911 1001 2168 1084 piratas
2185 1002 2497 1066 ‘oneraria
2525 1021 2699 1067 nave

484 1106 790 1184 vicisset,
829 1106 917 1169 ab
963 1107 1120 1189 ipso
1167 1106 1427 1171 audivit
1470 1103 1770 1170 Hercule
1811 1121 1937 1186 per
1979 1102 2291 1187 quietem,
2336 1103 2523 1170 illius
2569 1124 2698 1188 ope

487 1208 837 1272 victoriam
868 1208 1268 1289 contigisse:
1316 1206 1513 1284 adeo,
1546 1205 2005 1271 sacratissime
2039 1204 2438 1288 Imperator,
2467 1206 2699 1272 multis

473 1308 620 1392 jam
650 1308 927 1374 saeculis
959 1309 1129 1374 iuter
1158 1307 1383 1373 officia
1412 1314 1519 1372 est
1550 1307 1846 1371 numinis
1881 1306 2005 1379 tui,
2036 1326 2353 1391 superare
2376 1309 2658 1391 pirataS.

572 1409 755 1477 CAP.
807 1427 972 1476 xlv.
1016 1412 1083 1477 1.
1129 1411 1271 1476 Sed
1316 1409 1621 1494 profecto
1665 1415 1925 1475 mature
1968 1409 2087 1474 ille
2131 1408 2481 1475 illucescet
2529 1411 2698 1490 dies,

485 1532 638 1578 cum
683 1532 806 1578 vos
850 1514 1081 1578 videat
1124 1512 1350 1577 Roma
1394 1514 1710 1590 victoreS,
1754 1521 1825 1578 et
1869 1512 2155 1577 alacrem
2198 1514 2325 1577 sub
2371 1512 2712 1578 dexteras

483 1614 698 1679 filium
722 1635 739 1679 ε
762 1623 791 1664 P
844 1634 1074 1698 quem,
1120 1613 1208 1679 ad
1267 1614 1792 1678 honestissimas
1846 1621 2028 1679 artes
2082 1614 2398 1679 omnibus
2454 1615 2704 1695 ingenii

484 1716 687 1781 bonis
722 1721 971 1794 natum,
1000 1714 1163 1781 felix
1203 1715 1445 1799 aliquis
1476 1719 1854 1799 praeceptor
1882 1721 2219 1801 expectat,
2252 1716 2363 1781 cui
2389 1717 2579 1802 nullo
2601 1718 2703 1783 la-

1373 344 1822 414 usualium

541 1866 576 1911 s
613 1868 799 1919 Vastroe
822 1869 1034 1918 dextera
1060 1868 1398 1920 adherentem.

1411 1978 1774 2000 COO‘OOOOOOOO

487 2067 667 2112 nostro
704 2062 823 2114 cod.
861 2063 1017 2114 etiam
1057 2064 1107 2113 in
1150 2064 1252 2114 alio
1292 2064 1492 2129 codice,
1523 2066 1676 2129 cujus
1708 2064 1964 2115 variantes
2005 2064 2186 2116 relatae
2227 2070 2349 2115 sunt
2385 2064 2438 2114 in
2468 2063 2610 2115 Gud.
2631 2065 2705 2118 2:

488 2127 734 2178 Schwarz.
801 2128 1010 2179 Omissa
1034 2136 1155 2178 sunt
1179 2130 1334 2179 etiam
1363 2131 1412 2180 iu
1437 2132 1569 2180 Exc.
1594 2131 1742 2180 Voss.
1790 2130 1926 2181 Edd.
1946 2138 2069 2180 ante
2094 2130 2285 2179 Cellar.
2307 2130 2518 2191 habeut,
2537 2131 2584 2180 si
2603 2147 2705 2189 vos,

484 2194 687 2255 stipato,
711 2195 793 2256 &c-
860 2195 984 2244 Vet.
1006 2196 1130 2246 Pur.
1155 2203 1210 2245 et
1235 2196 1407 2245 Livin.
1427 2196 1583 2246 codd.
1610 2196 1872 2246 Schwarz.
1895 2196 2046 2245 ambo
2069 2194 2210 2244 Gud.
2247 2201 2305 2244 et
2337 2195 2458 2245 edd.
2483 2204 2712 2246 recentt.

486 2260 533 2307 si
553 2273 653 2318 eos,
672 2258 893 2321 nimios,
914 2262 995 2323 &c-
1042 2261 1168 2310 Vet.
1192 2261 1316 2312 Pul.
1345 2263 1468 2311 Vet.
1493 2261 1661 2312 Livin.
1681 2270 1740 2312 et
1760 2261 1899 2311 Gud.
1918 2265 1969 2310 2.
1992 2260 2300 2323 presentiam
2318 2266 2547 2317 oestrum,
2563 2262 2707 2326 quod

485 2324 686 2385 placuit
708 2323 1021 2374 Sclrwarzio·
1086 2323 1320 2375 Alteram
1347 2327 1624 2377 lectionem
1649 2334 1862 2377 servant
1884 2340 2060 2375 omnes
2085 2326 2349 2388 alii-codd.
2366 2334 2421 2375 et
2444 2326 2705 2389 impressi.

488 2388 611 2437 vet.
636 2387 841 2437 Bertin.
861 2388 983 2440 edd.
1008 2394 1137 2439 vett.
1190 2392 1358 2442 Paris.
1381 2395 1528 2441 1643.
1580 2392 1747 2441 Banu.
1768 2392 1838 2439 al.
1860 2396 1910 2440 et
1930 2392 2186 2441 identidem
2200 2407 2221 2449 ,·
2253 2390 2422 2441 Codd.
2442 2391 2703 2443 Schwarz.

490 2459 547 2501 et
569 2453 704 2502 alter
728 2452 869 2503 Gud.
906 2454 1028 2504 item
1054 2454 1176 2505 Vet.
1203 2456 1425 2506 Putean.
1460 2464 1517 2506 et
1551 2455 1674 2507 edd.
1710 2464 1936 2505 recentt.
1969 2464 2016 2505 et
2049 2455 2239 2505 ibidem·
2306 2456 2558 2510 Quaedam
2582 2456 2706 2507 edd.

490 2523 615 2567 aute
640 2517 854 2568 Gruter.
872 2519 1226 2583 frequentando
1245 2523 1528 2583 identidem,
1549 2523 1734 2572 omissa
1756 2521 2238 2584 conjunctione.—·6
2272 2522 2408 2571 Edd.
2433 2529 2565 2572 vett.
2595 2535 2711 2583 cog·

486 2596 655 2631 nomen
689 2584 1032 2646 adscripsisiis,
1054 2586 1256 2648 ‹prist-c.
1322 2586 1548 2636 Putean.
1582 2587 1710 2649 legit
1746 2601 1912 2635 nomen
1947 2585 2202 2647 adscripsit
2226 2586 2287 2643 is,
2309 2587 2518 2651 qaum.
2574 2586 2711 2635 Ber·

491 2647 587 2697 tin.
636 2647 795 2696 habet
828 2650 1123 2711 ascripsisti
1157 2652 1275 2712 qui:
1323 2651 1461 2702 unde
1501 2652 1672 2701 Livin.
1708 2652 1965 2714 Bongars.
1995 2659 2050 2700 et
2092 2650 2248 2700 Grut.
2281 2653 2421 2716 conj.
2455 2665 2709 2713 cognomen

490 2711 717 2774 ascripsit
736 2716 797 2770 is,
817 2716 918 2778 qai,
937 2717 1016 2778 ⁸5⁶·
1049 2715 1189 2779 quod
1214 2723 1528 2780 receperunt
1550 2717 1743 2768 Cellar.
1769 2724 1825 2767 et
1847 2716 2190 2767 recentiores.
2258 2717 2391 2767 Exc.
2412 2716 2563 2767 Voss.
2598 2715 2711 2765 Hoc

486 2777 612 2827 enim
634 2777 711 2826 iili
731 2779 928 2841 quodam
949 2781 1075 2841 Deo,
1097 2782 1182 2842 ἆγε.

557 2842 694 2892 ΟΑΡ.
721 2855 844 2892 xiv.
914 2849 942 2893 l
973 2846 1186 2896 Bertin.
1219 2843 1482 2909 illucescat,
1515 2845 1846 2911 improbante
1867 2844 2220 2897 Livineio.-2
2253 2845 2446 2910 Vulgg.
2466 2844 2711 2905 factade-

1491 2976 1712 3027 No'rAE

490 3079 622 3134 tum,
659 3071 749 3123 sed
780 3077 837 3122 et
867 3072 1138 3123 civitatum
1172 3073 1304 3123 diem
1330 3075 1560 3125 natalem

491 3143 743 3201 celebrari
780 3151 990 3201 solitum
1021 3151 1169 3202 initio
1197 3152 1350 3217 hujus
1370 3152 1561 3204 oratio-

491 3225 570 3274 nis
599 3224 845 3276 diximus.

556 3307 595 3333 Β
628 3299 692 3350 Si
711 3315 811 3364 vos,
833 3301 1034 3364 stipatos
1055 3300 1280 3366 [stipato]
1305 3303 1450 3368 Lege
1470 3303 1561 3353 sti·

486 3382 646 3443 patos,
683 3384 743 3426 ut
774 3385 892 3441 post
916 3377 1209 3428 Puteanum
1231 3380 1389 3444 juxta
1416 3389 1559 3431 vete·

1639 3075 1818 3127 centia
1849 3075 2064 3135 tibicen,
2094 3088 2157 3125 ac
2181 3079 2455 3141 postquam
2473 3070 2581 3126 'arti
2604 3090 2711 3128 snae

1640 3151 1859 3210 diffisus,
1899 3151 2212 3218 instituisset
2254 3159 2617 3219 mercaturam,
2653 3160 2713 3206 et

1641 3230 1779 3280 bene
1815 3243 1870 3278 re
1901 3234 2051 3293 gesta
2074 3228 2328 3279 decimam
2354 3227 2573 3279 Herculi
2595 3244 2713 3294 pro·

1640 3302 1875 3356 sanasset
1895 3320 1912 3367 3
1937 3304 2158 3355 subinde
2176 3304 2443 3368 navigans,
2459 3313 2515 3355 et
2531 3319 2561 3355 a
2579 3320 2714 3370 prae·

1642 3380 1864 3432 donibus
1919 3381 2324 3442 circumventus,
2376 3396 2492 3431 cum
2545 3397 2601 3431 se
2642 3382 2713 3433 ab

493 3468 600 3504 rem
613 3451 843 3503 codicem
856 3453 1099 3504 emendat
1112 3454 1396 3506 Livineius.
1417 3457 1561 3507 Hinc

496 3539 669 3600 antem
715 3532 835 3580 vide
879 3539 1156 3597 utrumque
1191 3534 1559 3599 imperatorem

494 3612 712 3661 Romam
737 3607 985 3659 abfuisse.

559 3696 586 3722 Β
619 3688 688 3737 Et
729 3685 904 3738 ibidem
949 3684 1261 3752 [identidem]
1291 3688 1471 3748 Forte,
1511 3694 1563 3738 ei

492 3765 688 3825 ibidem,
711 3770 772 3814 ut
794 3771 875 3815 est
905 3763 971 3814 ad
996 3779 1141 3814 oram
1163 3765 1407 3816 editionis
1438 3768 1566 3817 Fro-

496 3841 753 3892 benianae.

560 3924 586 3949 ⁰
618 3914 860 3978 Ascripsit
891 3915 935 3965 is
978 3917 1356 3982 [adscripsisiis]
1390 3917 1568 3969 Resti-

496 3989 708 4042 tuendae
731 3998 852 4041 sunt
874 4006 1029 4042 voees
1052 3992 1189 4051 duae,
1223 4009 1341 4059 quae
1363 3994 1566 4045 librari-

498 4082 644 4119 orum
660 4067 861 4117 ineuria
880 4067 932 4116 in
960 4082 1111 4117 unam
1132 4071 1465 4121 coaluerant:
1490 4072 1566 4120 le-

499 4143 825 4211 gendumque
869 4143 1092 4209 ascripsit
1137 4146 1198 4209 is,
1253 4160 1443 4211 nempe
1484 4147 1566 4198 M.

503 4221 759 4288 Octavius
775 4221 1095 4282 Herennius,
1112 4222 1165 4275 in
1181 4223 1351 4290 prima
1366 4225 1566 4276 adoles·

1643 3471 1822 3507 eorum
1866 3457 2101 3507 manibus
2131 3457 2468 3520 expediisset,
2507 3459 2716 3525 accepit

1643 3534 1696 3584 in
1717 3534 1910 3584 somnis
1931 3533 1995 3583 ab
2017 3533 2248 3583 Hercule
2266 3535 2380 3598 ejus
2403 3550 2501 3598 ope
2519 3551 2573 3585 se
2596 3550 2713 3587 esse

1642 3618 1926 3661 servatum.
1984 3609 2049 3659 In
2072 3610 2220 3673 quus
2245 3609 2487 3661 beneficii
2523 3625 2716 3662 memo-

1646 3688 1775 3738 riam
1814 3685 2088 3744 Octavius,
2129 3686 2410 3749 impetrato
2453 3703 2483 3737 a
2529 3691 2717 3753 magis·
2769 3732 2790 3744 .

1646 3765 1869 3816 tratibus
1910 3765 2044 3826 loeo,
2081 3762 2245 3813 aedem
2272 3763 2491 3815 Herculi
2512 3767 2717 3818 Victori

1643 3840 1929 3902 inscripsit.
1961 3839 2199 3890 Macrob.
2215 3840 2540 3891 Saturn.·1n.
2563 3847 2614 3892 6.

1708 3925 1736 3960 r>
1753 3916 1963 3980 Filium]
1979 3916 2330 3972 Maxentium,
2349 3932 2502 3982 quem
2520 3919 2607 3968 alii
2625 3934 2718 3969 ve·

1647 4006 1757 4043 rum
1782 3991 2086 4042 Maximiani
2105 3990 2287 4056 filium,
2308 3994 2395 4043 alii
2421 3994 2717 4057 privignum

1647 4070 1933 4134 appellant,
1964 4068 2052 4118 alii
2077 4070 2404 4132 suppositum
2436 4071 2502 4121 ab
2524 4073 2720 4124 Eutro-

1647 4146 1735 4211 pia
1758 4145 2067 4196 Maximiani
2086 4159 2267 4203 uxore,
2290 4160 2394 4212 quo
2419 4148 2589 4199 mariti
2606 4149 2721 4201 ani·

1646 4236 1787 4273 mum
1814 4227 2041 4272 teneret.
