3084 4959
918 364 1457 417 consmurmo
1508 366 1688 416 Auo.
1767 365 1899 421 vn.
1941 350 2048 418 23.
2413 350 2589 421 1375

378 531 596 580 novos
623 510 826 577 flores
870 519 1047 578 terra
1077 511 1443 591 summisit,
1481 530 1688 596 quam
1719 511 1903 576 circa
1947 518 2090 589 tua,
2123 508 2590 594 Constantine,

379 615 670 697 vestigia
696 613 894 678 urbes
925 619 992 678 et
1012 614 1269 696 templa
1299 619 1742 695 consurgunt.
1829 614 1893 678 7.
1919 612 2225 697 Ideoque
2248 613 2376 678 hoc
2405 616 2591 681 votis

378 717 553 783 meis
583 714 856 794 sufficit,
883 720 954 779 ut
981 715 1267 797 patriam
1289 733 1509 779 meam
1529 712 1788 788 videas,
1808 713 2094 779 ducente
2122 714 2398 798 pietate,
2430 717 2592 802 quia

379 817 609 883 statim
636 817 767 882 erit
794 812 1159 894 restituta,¹’
1210 814 1273 879 si
1305 814 1580 881 videris.
1670 814 1811 879 Sed
1866 815 2043 880 enim
2093 814 2230 881 ista
2278 814 2592 900 felicitas,

378 919 640 996 viderit,
673 937 759 982 au
790 918 1005 984 adhuc
1032 937 1202 984 meae
1234 917 1560 983 debeatur
1586 919 1795 984 aetati.
2476 908 2483 919 “

467 1019 648 1088 Car».
681 1037 925 1085 xxm.
1011 1019 1080 1091 1.
1127 1020 1425 1098 Interim,
1456 1020 1777 1106 quoniam
1802 1020 1890 1087 ad
1921 1038 2248 1087 summam
2278 1027 2592 1091 votorum

381 1143 679 1189 meorum
708 1131 833 1188 tua
854 1122 1243 1204 dignatione
1262 1125 1571 1207 perveni,
1589 1130 1664 1190 ut
1688 1124 1865 1189 hanc
1886 1142 2104 1188 meam
2132 1123 2591 1209 qualemcum-

319 1246 325 1257 “
380 1245 510 1310 que
540 1244 799 1302 vocem,
840 1223 1125 1289 diversis
1152 1224 1275 1289 otii
1309 1228 1377 1288 et
1404 1225 1648 1310 palatii
1696 1222 1979 1292 officiisi
2022 1227 2415 1307 exercitam,
2459 1228 2594 1294 tuis

380 1322 692 1392 auribusj
739 1345 1222 1404 consecrarem,
1272 1328 1613 1392 maximas
1655 1328 1908 1393 numiui
1959 1334 2080 1392 tuo
2128 1330 2382 1411 gratias
2423 1347 2595 1413 ago;

382 1429 666 1513 tibique,
694 1427 875 1513 quod
903 1433 1232 1511 superest,
1266 1428 1665 1492 commendo
1698 1429 1947 1494 liberos
1979 1447 2191 1508 meos,
2222 1430 2595 1515 praecipue-

384 1548 518 1615 que
545 1531 757 1609 illum,
777 1530 924 1615 jam
944 1548 1210 1595 summa
1228 1528 1377 1595 fisci
1402 1531 1788 1614 patrocinia
1803 1525 1829 1566 ¹⁸
1849 1534 2275 1608 tractantem,
2298 1531 2370 1595 in
2392 1552 2596 1618 quem

382 1648 499 1699 me*
517 1639 730 1699 totum
776 1632 1116 1697 transtulit
1144 1633 1366 1715 pietas
1392 1651 1411 1711 ;
1455 1632 1660 1717 cujus
1687 1631 1856 1697 felix
1884 1632 2196 1710 servitus,
2227 1632 2288 1697 si
2319 1634 2593 1717 quando

383 1735 790 1818 respexeris,
820 1733 1117 1800 maxime
1141 1740 1280 1800 tuae
1310 1735 1672 1800 conveniet
1696 1733 1904 1799 aetati.
1948 1733 2019 1799 2.
2050 1728 2387 1815 Ceterum,
2415 1737 2597 1821 quod

385 1836 467 1901 de
495 1836 813 1901 omnibus
842 1836 1076 1901 liberis
1106 1834 1278 1912 dixi,
1309 1837 1452 1900 lata
1479 1840 1607 1912 est,
1633 1834 2037 1920 Imperator,
2057 1836 2370 1931 ambitio.
2411 1838 2600 1904 Prae·

385 1945 490 2003 ter
518 1936 675 2002 illos
703 1938 879 2002 enim
910 1938 1223 2021 quinque,
1253 1954 1434 2020 quos
1476 1938 1703 2019 genui,
1754 1939 1957 2002 etiam
1988 1937 2142 2003 illos
2170 1940 2365 2022 quasi
2409 1960 2598 2007 meos

384 2058 686 2116 numero,
713 2058 891 2123 quos
922 2039 1215 2122 provexi
1268 2039 1357 2104 ad
1405 2039 1690 2105 tutelam
1735 2039 1888 2119 fori,
1936 2039 2026 2105 ad
2078 2039 2307 2106 officia
2337 2042 2598 2126 palatii.

388 2141 594 2207 Multi
624 2144 877 2228 quippe
923 2161 1008 2206 ex
1060 2160 1167 2205 me
1215 2141 1345 2208 rivi
1376 2158 1507 2205 non
1539 2141 1866 2225 ignobiles
1889 2141 2128 2222 fluunt,
2158 2142 2351 2209 multi
2380 2149 2598 2211 secta·

1309 2302 1675 2327 OOO‘NOOOO‘O

389 2415 506 2450 usn.
531 2401 713 2466 Steph.
737 2404 951 2468 Cuspiu.
974 2410 1031 2454 et
1053 2402 1221 2454 Livio.
1244 2402 1401 2470 idque
1424 2404 1656 2455 restituit
1690 2404 1976 2455 Arma—⁷
2011 2403 2186 2457 Μαι-1.
2223 2405 2470 2455 ducentem
2496 2403 2600 2467 pie·

388 2471 504 2516 tate.
572 2466 778 2518 Acidal.
811 2470 965 2520 Grut.
1002 2476 1059 2519 et
1097 2468 1292 2519 Cellar.
1312 2470 1533 2530 felicitas
1562 2470 1775 2529 viderts3
1808 2470 1946 2521 Gud.
1968 2471 2018 2530 s.
2051 2469 2229 2520 rideas.
2294 2467 2402 2519 Alii
2424 2481 2602 2519 omnes

385 2530 578 2581 viderit.
645 2534 773 2584 Voc.
806 2536 901 2585 ista
925 2536 1074 2583 deest
1098 2534 1149 2582 in
1176 2534 1403 2597 Guelph.

454 2597 591 2648 Car.
618 2611 792 2648 xxm.
845 2603 872 2648 1
911 2598 1134 2662 Guelph.
1170 2604 1224 2648 at
1244 2600 1366 2649 hanc
1386 2600 1785 2662 qualemcumque.
1840 2597 2007 2649 Codd.
2030 2598 2206 2649 Moerl.
2228 2596 2457 2661 Guelph.
2477 2597 2603 2648 Vct.

390 2661 556 2711 Livin.
596 2663 804 2713 Puteol.
837 2664 1051 2726 cuspin.
1094 2663 1325 2716 Rhenan.
1367 2664 1551 2727 Stepb.
1593 2665 1766 2714 Rivin.
1789 2666 1838 2712 1.
1870 2664 2007 2728 quod
2046 2662 2292 2725 displicet
2333 2661 2603 2722 Livinei03

384 2725 620 2789 adeoque
643 2728 747 2791 hic,
765 2735 819 2779 et
844 2726 1086 2779 Francos.
1103 2734 1160 2778 et
1190 2728 1314 2779 edd.
1348 2736 1574 2779 receutt.
1594 2729 1904 2791 particulam
1933 2729 1986 2778 in
2017 2727 2382 2778 emmanu-2
2410 2727 2603 2776 Proetaer

387 2791 499 2840 illos
532 2794 738 2854 quinque
765 2794 940 2843 Moerl.
974 2793 1300 2858 improbante
1326 2793 1523 2856 Jaeger.
1557 2808 1621 2844 ex
1651 2793 1775 2842 meri
1803 2793 1943 2842 humo
1970 2792 2202 2855 ignobiles
2230 2791 2351 2841 edd.
2377 2798 2506 2841 vett.
2539 2806 2604 2841 ex

387 2870 494 2904 meu
513 2856 651 2904 humo
675 2858 814 2921 conj.
835 2859 1073 2908 Rhenan.
1106 2873 1169 2909 ea·
1190 2860 1310 2909 meri
1330 2860 1441 2908 vino
1463 2860 1587 2907 Vet.
1608 2857 1855 2920 Puteani,
1878 2858 1966 2922 qni
1991 2858 2128 2921 conj.
2161 2856 2314 2906 Multi
2342 2856 2509 2919 quippe
2540 2870 2606 2905 ex

389 2934 464 2967 me
483 2918 582 2969 rivi
604 2922 780 2971 nobiles
798 2923 966 2985 fluunt
979 2939 1000 2982 ,·
1035 2924 1136 2986 vel,
1156 2922 1234 2972 M.
1265 2939 1313 2987 q.
1351 2938 1413 2973 ex
1438 2938 1513 2973 me
1540 2923 1641 2972 rivi
1664 2938 1760 2972 aen
1788 2922 2019 2985 ignobiles
2034 2938 2055 2981 ,-
2089 2922 2291 2971 Bertiu.
2328 2920 2512 2982 babet,
2539 2934 2604 2970 ex

389 2999 492 3033 meo
512 2984 616 3034 rivo
637 2986 874 3048 ignobiles
887 3004 906 3045 ‚·
942 2985 1147 3037 Acidal.
1167 2989 1302 3050 conj.
1334 3003 1397 3038 ea·
1418 3003 1523 3037 meo
1543 2990 1679 3038 domo
1708 3002 1801 3036 non
1823 2986 2086 3048 ignobiles,-
2120 2986 2277 3036 Grut.
2300 2991 2354 3034 et
2379 2984 2501 3035 edd.
2524 2996 2606 3034 re·

391 3055 556 3099 centt.
590 3065 654 3099 ex
691 3065 764 3101 me
799 3052 898 3101 rivi
935 3066 1029 3101 aon
1068 3052 1318 3115 ignobiles.
1385 3052 1524 3103 Vide
1560 3052 1716 3102 Nott.
1740 3051 1898 3101 Varr.
1974 3052 1991 3081 ⁸
2021 3050 2128 3100 Pro
2161 3050 2351 3115 fiuant,
2387 3049 2604 3113 cuspin.

1389 3215 1610 3267 NOTAE

391 3322 505 3374 tem,
550 3318 833 3384 Letumque,
882 3322 1210 3386 helenamque
1255 3337 1461 3387 eruam,
1603 3318 1623 3365 1
1657 3320 1775 3372 stis
1814 3317 2033 3382 omibus]
2087 3318 2290 3370 Habita
2328 3331 2502 3368 coram
2547 3324 2606 3370 ta

391 3402 693 3460 moestamque
730 3398 1056 3462 hyacinthum,
1107 3399 1358 3449 Plurimus
1402 3404 1461 3449 at
1539 3398 1780 3448 oratione
1807 3410 2185 3449 consecrarem.

395 3470 524 3518 molli
545 3473 770 3531 surgebat
788 3474 841 3522 in
862 3474 975 3523 aie'ra
997 3475 1151 3538 sylva.
1606 3472 1632 3508 Β
1665 3475 1798 3525 Fisci
1823 3473 2116 3539 patrocinia]
2152 3473 2348 3523 hamma
2365 3471 2486 3536 fisci
2516 3485 2606 3534 pa-

460 3543 485 3577 ¹²
519 3545 699 3595 Statim
722 3549 818 3598 erit
838 3550 1090 3613 restituta]
1111 3550 1457 3603 Invitatcou·
1539 3551 1745 3601 trocinio
1767 3556 1995 3614 tractare,
2017 3550 2142 3599 nihil
2173 3546 2311 3598 aliud
2349 3551 2429 3598 est
2453 3560 2604 3610 quam

392 3622 676 3671 staminum
689 3632 752 3684 ut
767 3623 1195 3688 Augustodunum
1212 3626 1463 3689 divertat,
1541 3625 1689 3692 fungi
1713 3641 1928 3676 munere
1963 3624 2322 3677 advocationis
2353 3623 2483 3687 fisci,
2515 3636 2609 3674 seu

396 3711 615 3760 eamque
659 3697 859 3763 urbem,
881 3700 956 3750 uti
980 3700 1259 3760 Treveros,
1294 3700 1462 3751 refici·
1543 3716 1658 3752 esse
1693 3700 2002 3751 advocatum
2048 3709 2104 3751 et
2149 3708 2427 3764 patronum
2464 3698 2607 3750 flacit

395 3774 585 3822 endam
612 3779 778 3822 curet.
1543 3792 1662 3841 qnae
1703 3777 1807 3827 duo
1844 3791 2061 3828 munera
2097 3775 2355 3826 interdum
2397 3775 2462 3827 ab
2502 3789 2608 3826 uno

461 3849 477 3884 ί
513 3850 624 3899 Otii
647 3855 693 3899 et
710 3848 886 3913 palatii
905 3849 1095 3916 officiis]
1118 3851 1311 3901 Fuerat
1328 3849 1463 3902 enirn
1546 3852 1833 3917 eodemque
1879 3853 2217 3914 gerebantur.
2316 3852 2375 3901 Is
2430 3858 2633 3903 autem·

396 3939 558 3976 sacrae
574 3925 840 3975 memoria
862 3925 1130 3989 tnagister,
1150 3925 1216 3975 de
1236 3940 1335 3990 quo
1353 3925 1462 3976 offi·
1544 3928 1717 3979 causis
1739 3929 2004 3979 fiscalibus
2027 3943 2124 3993 pro
2145 3926 2274 3978 fisco
2295 3927 2611 3979 intervenie-
2662 3948 2665 3953 ·

395 4005 477 4053 cio
513 4017 671 4067 supra
714 4004 914 4065 Paneg.
939 4015 1020 4051 ιν.
1045 4007 1126 4051 ιι.
1188 4004 1460 4053 Praeterea
1543 4005 1633 4054 bat
1652 4020 1669 4066 ς
1690 4004 1743 4055 in
1761 4006 1900 4067 aula,
1917 4004 2053 4069 apud
2080 4005 2319 4055 comitem
2344 4004 2607 4056 thesauro-

396 4080 673 4132 Maeniauis
692 4078 891 4129 Scholia
927 4093 955 4127 a
997 4079 1304 4129 Constantio
1329 4094 1460 4144 prae·
1543 4095 1679 4143 rum,
1715 4081 1768 4131 id
1804 4088 1904 4142 est,
1944 4095 2206 4131 sacrarum
2244 4080 2612 4145 largitionum3

395 4153 568 4208 fectus
590 4155 777 4213 fuerat,
815 4153 953 4221 quod
988 4155 1083 4205 otii
1120 4152 1346 4207 officium
1373 4169 1461 4206 vo·
1543 4157 1598 4206 iu
1622 4157 1771 4215 urbe,
1812 4157 1950 4222 apud
1977 4155 2284 4222 praefectum
2309 4156 2518 4217 oerarii3
2551 4156 2608 4204 in

397 4240 505 4282 cat.
1544 4233 1827 4298 provinciis
1857 4247 1999 4292 vero,
2036 4232 2178 4299 apud
2215 4238 2607 4298 procuratorem
