<?xml version="1.0" encoding="UTF-8"?>
<!DOCTYPE html PUBLIC "-//W3C//DTD XHTML 1.0 Transitional//EN"
    "http://www.w3.org/TR/xhtml1/DTD/xhtml1-transitional.dtd">
<html xmlns="http://www.w3.org/1999/xhtml" xml:lang="en" lang="en">
 <head>
  <title>
</title>
<meta http-equiv="Content-Type" content="text/html;charset=utf-8" />
  <meta name='ocr-system' content='tesseract 3.04.00' />
  <meta name='ocr-capabilities' content='ocr_page ocr_carea ocr_par ocr_line ocrx_word'/>
</head>
<body>
  <div class='ocr_page' id='page_1' title='image "./panegyriciveter05baungoog_0517.png"; bbox 0 0 3084 4959; ppageno 0'>
   <div class='ocr_carea' id='block_1_1' title="bbox 775 317 2456 420">
    <p class='ocr_par' dir='ltr' id='par_1_1' title="bbox 775 317 2456 420">
     <span class='ocr_line' id='line_1_1' title="bbox 775 317 2456 420; baseline 0.006 -34"><span class='ocrx_word' id='word_1_1' title='bbox 775 341 792 362; x_wconf 66' lang='grc'><strong><em>’</em></strong></span> <span class='ocrx_word' id='word_1_2' title='bbox 887 317 1448 390; x_wconf 59' lang='lat' dir='ltr'><strong>vulneramus.</strong></span> <span class='ocrx_word' id='word_1_3' title='bbox 1524 339 1673 390; x_wconf 81' lang='lat' dir='ltr'><strong>xn.</strong></span> <span class='ocrx_word' id='word_1_4' title='bbox 1716 326 1824 420; x_wconf 62' lang='lat'><strong>32.</strong></span> <span class='ocrx_word' id='word_1_5' title='bbox 2280 331 2456 399; x_wconf 77' lang='lat'>1585</span> 
     </span>
    </p>
   </div>
   <div class='ocr_carea' id='block_1_2' title="bbox 225 481 2568 2943">
    <p class='ocr_par' dir='ltr' id='par_1_2' title="bbox 256 481 2500 1497">
     <span class='ocr_line' id='line_1_2' title="bbox 261 481 2455 577; baseline 0.002 -23"><span class='ocrx_word' id='word_1_6' title='bbox 261 481 635 571; x_wconf 57' lang='lat' dir='ltr'><strong>tensisque*</strong></span> <span class='ocrx_word' id='word_1_7' title='bbox 662 483 989 564; x_wconf 86' lang='lat' dir='ltr'><strong>subvecti,</strong></span> <span class='ocrx_word' id='word_1_8' title='bbox 1007 487 1074 551; x_wconf 89' lang='lat' dir='ltr'><strong>et</strong></span> <span class='ocrx_word' id='word_1_9' title='bbox 1088 483 1487 550; x_wconf 87' lang='lat' dir='ltr'><strong>densissima</strong></span> <span class='ocrx_word' id='word_1_10' title='bbox 1506 486 1764 552; x_wconf 87' lang='lat' dir='ltr'><strong>circum</strong></span> <span class='ocrx_word' id='word_1_11' title='bbox 1789 499 2128 574; x_wconf 74' lang='lat' dir='ltr'><strong>supraque</strong></span> <span class='ocrx_word' id='word_1_12' title='bbox 2143 495 2455 577; x_wconf 80' lang='lat' dir='ltr'><strong>cooperti</strong></span> 
     </span>
     <span class='ocr_line' id='line_1_3' title="bbox 258 585 2454 676; baseline 0.004 -21"><span class='ocrx_word' id='word_1_13' title='bbox 258 592 538 656; x_wconf 83' lang='lat' dir='ltr'><strong>virorum</strong></span> <span class='ocrx_word' id='word_1_14' title='bbox 569 606 1029 671; x_wconf 87' lang='lat' dir='ltr'><strong>armorumque</strong></span> <span class='ocrx_word' id='word_1_15' title='bbox 1059 585 1418 665; x_wconf 77' lang='lat' dir='ltr'><strong>testudine,</strong></span> <span class='ocrx_word' id='word_1_16' title='bbox 1449 590 1702 654; x_wconf 88' lang='lat' dir='ltr'><strong>sensim</strong></span> <span class='ocrx_word' id='word_1_17' title='bbox 1746 599 1950 676; x_wconf 85' lang='lat' dir='ltr'><strong>atque</strong></span> <span class='ocrx_word' id='word_1_18' title='bbox 1986 592 2078 657; x_wconf 89' lang='lat' dir='ltr'><strong>ad</strong></span> <span class='ocrx_word' id='word_1_19' title='bbox 2106 613 2454 664; x_wconf 87' lang='lat' dir='ltr'><strong>numerum</strong></span> 
     </span>
     <span class='ocr_line' id='line_1_4' title="bbox 257 678 2454 775; baseline 0.004 -18"><span class='ocrx_word' id='word_1_20' title='bbox 257 678 729 757; x_wconf 70' lang='lat' dir='ltr'><strong>movebantur:</strong></span> <span class='ocrx_word' id='word_1_21' title='bbox 782 696 921 756; x_wconf 89' lang='lat' dir='ltr'><strong>tum</strong></span> <span class='ocrx_word' id='word_1_22' title='bbox 970 689 1169 772; x_wconf 89' lang='lat' dir='ltr'><strong>longe</strong></span> <span class='ocrx_word' id='word_1_23' title='bbox 1221 691 1517 773; x_wconf 86' lang='lat' dir='ltr'><strong>populus</strong></span> <span class='ocrx_word' id='word_1_24' title='bbox 1569 692 1982 775; x_wconf 81' lang='lat' dir='ltr'><strong>abigebatur,</strong></span> <span class='ocrx_word' id='word_1_25' title='bbox 2034 715 2157 761; x_wconf 89' lang='lat' dir='ltr'><strong>nec</strong></span> <span class='ocrx_word' id='word_1_26' title='bbox 2205 698 2454 766; x_wconf 87' lang='lat' dir='ltr'><strong>odiosa</strong></span> 
     </span>
     <span class='ocr_line' id='line_1_5' title="bbox 256 786 2462 880; baseline 0.001 -20"><span class='ocrx_word' id='word_1_27' title='bbox 256 790 566 880; x_wconf 79' lang='lat' dir='ltr'><strong>viatoris¹</strong></span> <span class='ocrx_word' id='word_1_28' title='bbox 592 811 837 857; x_wconf 86' lang='lat' dir='ltr'><strong>manus</strong></span> <span class='ocrx_word' id='word_1_29' title='bbox 867 792 1132 876; x_wconf 86' lang='lat' dir='ltr'><strong>plebem</strong></span> <span class='ocrx_word' id='word_1_30' title='bbox 1157 794 1425 860; x_wconf 84' lang='lat' dir='ltr'><strong>verbere</strong></span> <span class='ocrx_word' id='word_1_31' title='bbox 1456 799 1965 878; x_wconf 86' lang='lat' dir='ltr'><strong>summovebat3</strong></span> <span class='ocrx_word' id='word_1_32' title='bbox 2012 806 2090 864; x_wconf 94' lang='lat' dir='ltr'><strong>ut</strong></span> <span class='ocrx_word' id='word_1_33' title='bbox 2119 786 2462 870; x_wconf 66' lang='lat' dir='ltr'><strong>secretums</strong></span> 
     </span>
     <span class='ocr_line' id='line_1_6' title="bbox 256 894 2463 985; baseline 0.005 -24"><span class='ocrx_word' id='word_1_34' title='bbox 256 899 528 962; x_wconf 83' lang='lat' dir='ltr'><strong>esset&#39;in</strong></span> <span class='ocrx_word' id='word_1_35' title='bbox 557 897 903 981; x_wconf 81' lang='lat' dir='ltr'><strong>publico.¹¹¹</strong></span> <span class='ocrx_word' id='word_1_36' title='bbox 988 898 1053 960; x_wconf 83' lang='lat'><strong>5.</strong></span> <span class='ocrx_word' id='word_1_37' title='bbox 1100 894 1199 961; x_wconf 84' lang='lat' dir='ltr'><strong>At</strong></span> <span class='ocrx_word' id='word_1_38' title='bbox 1242 902 1471 962; x_wconf 87' lang='lat' dir='ltr'><strong>noster</strong></span> <span class='ocrx_word' id='word_1_39' title='bbox 1515 898 1626 963; x_wconf 89' lang='lat' dir='ltr'><strong>hic</strong></span> <span class='ocrx_word' id='word_1_40' title='bbox 1678 900 1993 965; x_wconf 90' lang='lat' dir='ltr'><strong>omnibus</strong></span> <span class='ocrx_word' id='word_1_41' title='bbox 2041 905 2463 985; x_wconf 68' lang='lat' dir='ltr'><strong>spectandus</strong></span> 
     </span>
     <span class='ocr_line' id='line_1_7' title="bbox 258 997 2454 1088; baseline 0.005 -23"><span class='ocrx_word' id='word_1_42' title='bbox 258 1000 546 1078; x_wconf 85' lang='lat' dir='ltr'><strong>offertur,</strong></span> <span class='ocrx_word' id='word_1_43' title='bbox 594 1019 721 1065; x_wconf 89' lang='lat' dir='ltr'><strong>uec</strong></span> <span class='ocrx_word' id='word_1_44' title='bbox 770 997 983 1082; x_wconf 84' lang='lat' dir='ltr'><strong>magis</strong></span> <span class='ocrx_word' id='word_1_45' title='bbox 1028 1018 1447 1065; x_wconf 88' lang='lat' dir='ltr'><strong>communem</strong></span> <span class='ocrx_word' id='word_1_46' title='bbox 1493 1001 1669 1066; x_wconf 90' lang='lat' dir='ltr'><strong>hunc</strong></span> <span class='ocrx_word' id='word_1_47' title='bbox 1716 1001 1893 1067; x_wconf 88' lang='lat' dir='ltr'><strong>diem</strong></span> <span class='ocrx_word' id='word_1_48' title='bbox 1951 1010 2158 1088; x_wconf 88' lang='lat' dir='ltr'><strong>atque</strong></span> <span class='ocrx_word' id='word_1_49' title='bbox 2215 1008 2454 1078; x_wconf 84' lang='lat' dir='ltr'><strong>solem,</strong></span> 
     </span>
     <span class='ocr_line' id='line_1_8' title="bbox 256 1099 2500 1194; baseline 0.004 -28"><span class='ocrx_word' id='word_1_50' title='bbox 256 1122 454 1194; x_wconf 86' lang='lat' dir='ltr'><strong>quam</strong></span> <span class='ocrx_word' id='word_1_51' title='bbox 484 1099 778 1168; x_wconf 81' lang='lat' dir='ltr'><strong>nostrum</strong></span> <span class='ocrx_word' id='word_1_52' title='bbox 818 1103 1301 1187; x_wconf 81' lang='lat' dir='ltr'><strong>Imperatorem</strong></span> <span class='ocrx_word' id='word_1_53' title='bbox 1344 1104 1553 1168; x_wconf 85' lang='lat' dir='ltr'><strong>videri</strong></span> <span class='ocrx_word' id='word_1_54' title='bbox 1595 1104 1775 1170; x_wconf 88' lang='lat' dir='ltr'><strong>licet.</strong></span> <span class='ocrx_word' id='word_1_55' title='bbox 1866 1104 2076 1186; x_wconf 85' lang='lat' dir='ltr'><strong>Quin,</strong></span> <span class='ocrx_word' id='word_1_56' title='bbox 2107 1128 2262 1173; x_wconf 90' lang='lat' dir='ltr'><strong>cum</strong></span> <span class='ocrx_word' id='word_1_57' title='bbox 2292 1110 2461 1175; x_wconf 73' lang='lat' dir='ltr'><strong>vici-a</strong></span> <span class='ocrx_word' id='word_1_58' title='bbox 2497 1164 2500 1167; x_wconf 89' lang='lat'>.</span> 
     </span>
     <span class='ocr_line' id='line_1_9' title="bbox 256 1205 2463 1293; baseline 0.005 -24"><span class='ocrx_word' id='word_1_59' title='bbox 256 1225 412 1270; x_wconf 91' lang='lat' dir='ltr'><strong>num</strong></span> <span class='ocrx_word' id='word_1_60' title='bbox 462 1205 754 1272; x_wconf 87' lang='lat' dir='ltr'><strong>habeant</strong></span> <span class='ocrx_word' id='word_1_61' title='bbox 798 1207 1125 1290; x_wconf 88' lang='lat' dir='ltr'><strong>permissa</strong></span> <span class='ocrx_word' id='word_1_62' title='bbox 1171 1206 1534 1285; x_wconf 82' lang='lat' dir='ltr'><strong>fastidium,</strong></span> <span class='ocrx_word' id='word_1_63' title='bbox 1587 1228 1919 1293; x_wconf 90' lang='lat' dir='ltr'><strong>nunquam</strong></span> <span class='ocrx_word' id='word_1_64' title='bbox 1970 1207 2102 1276; x_wconf 79' lang='lat' dir='ltr'><strong>iste&#39;</strong></span> <span class='ocrx_word' id='word_1_65' title='bbox 2147 1214 2463 1279; x_wconf 78' lang='lat' dir='ltr'><strong>mirantes</strong></span> 
     </span>
     <span class='ocr_line' id='line_1_10' title="bbox 256 1306 2457 1397; baseline 0.004 -24"><span class='ocrx_word' id='word_1_66' title='bbox 256 1309 483 1393; x_wconf 84' lang='lat' dir='ltr'><strong>explet</strong></span> <span class='ocrx_word' id='word_1_67' title='bbox 512 1311 787 1375; x_wconf 85' lang='lat' dir='ltr'><strong>oculos:</strong></span> <span class='ocrx_word' id='word_1_68' title='bbox 831 1310 1050 1393; x_wconf 87' lang='lat' dir='ltr'><strong>magis</strong></span> <span class='ocrx_word' id='word_1_69' title='bbox 1078 1311 1427 1395; x_wconf 85' lang='lat' dir='ltr'><strong>magisque</strong></span> <span class='ocrx_word' id='word_1_70' title='bbox 1453 1312 1648 1377; x_wconf 80' lang='lat' dir='ltr'><strong>visus</strong></span> <span class='ocrx_word' id='word_1_71' title='bbox 1688 1306 2060 1397; x_wconf 79' lang='lat' dir='ltr'><strong>expetitur,</strong></span> <span class='ocrx_word' id='word_1_72' title='bbox 2090 1320 2180 1394; x_wconf 86' lang='lat' dir='ltr'><strong>et,</strong></span> <span class='ocrx_word' id='word_1_73' title='bbox 2210 1334 2457 1383; x_wconf 84' lang='lat' dir='ltr'><strong>novum</strong></span> 
     </span>
     <span class='ocr_line' id='line_1_11' title="bbox 260 1410 1280 1497; baseline 0.001 -20"><span class='ocrx_word' id='word_1_74' title='bbox 260 1412 475 1491; x_wconf 87' lang='lat' dir='ltr'><strong>dictu,</strong></span> <span class='ocrx_word' id='word_1_75' title='bbox 507 1432 802 1497; x_wconf 86' lang='lat' dir='ltr'><strong>praesens</strong></span> <span class='ocrx_word' id='word_1_76' title='bbox 832 1410 1280 1479; x_wconf 86' lang='lat' dir='ltr'><strong>desideratur.</strong></span> 
     </span>
    </p>

    <p class='ocr_par' dir='ltr' id='par_1_3' title="bbox 225 1513 2568 2943">
     <span class='ocr_line' id='line_1_12' title="bbox 225 1513 2454 1608; baseline 0.003 -26"><span class='ocrx_word' id='word_1_77' title='bbox 225 1513 232 1518; x_wconf 82' lang='grc'><strong>’</strong></span> <span class='ocrx_word' id='word_1_78' title='bbox 273 1539 279 1550; x_wconf 95' lang='grc'>·</span> <span class='ocrx_word' id='word_1_79' title='bbox 341 1516 522 1582; x_wconf 65' lang='lat' dir='ltr'><strong>cm».</strong></span> <span class='ocrx_word' id='word_1_80' title='bbox 556 1532 766 1582; x_wconf 86' lang='lat' dir='ltr'><strong>xxn.</strong></span> <span class='ocrx_word' id='word_1_81' title='bbox 854 1516 917 1581; x_wconf 87' lang='lat'><strong>1.</strong></span> <span class='ocrx_word' id='word_1_82' title='bbox 949 1515 1272 1581; x_wconf 84' lang='lat' dir='ltr'><strong>Miremur</strong></span> <span class='ocrx_word' id='word_1_83' title='bbox 1300 1516 1370 1581; x_wconf 90' lang='lat' dir='ltr'><strong>in</strong></span> <span class='ocrx_word' id='word_1_84' title='bbox 1402 1515 1683 1583; x_wconf 83' lang='lat' dir='ltr'><strong>urbibus</strong></span> <span class='ocrx_word' id='word_1_85' title='bbox 1716 1517 1875 1597; x_wconf 89' lang='lat' dir='ltr'><strong>tuis,</strong></span> <span class='ocrx_word' id='word_1_86' title='bbox 1905 1526 1974 1584; x_wconf 83' lang='lat' dir='ltr'><strong>et</strong></span> <span class='ocrx_word' id='word_1_87' title='bbox 2002 1539 2046 1584; x_wconf 95' lang='lat' dir='ltr'><strong>a</strong></span> <span class='ocrx_word' id='word_1_88' title='bbox 2075 1522 2208 1587; x_wconf 92' lang='lat' dir='ltr'><strong>tuis</strong></span> <span class='ocrx_word' id='word_1_89' title='bbox 2233 1542 2454 1608; x_wconf 91' lang='lat' dir='ltr'><strong>popu-</strong></span> 
     </span>
     <span class='ocr_line' id='line_1_13' title="bbox 253 1619 2459 1706; baseline 0.003 -20"><span class='ocrx_word' id='word_1_90' title='bbox 253 1620 340 1686; x_wconf 88' lang='lat' dir='ltr'><strong>lis</strong></span> <span class='ocrx_word' id='word_1_91' title='bbox 370 1628 437 1684; x_wconf 93' lang='lat' dir='ltr'><strong>te</strong></span> <span class='ocrx_word' id='word_1_92' title='bbox 470 1620 700 1697; x_wconf 89' lang='lat' dir='ltr'><strong>videri,</strong></span> <span class='ocrx_word' id='word_1_93' title='bbox 729 1639 930 1706; x_wconf 90' lang='lat' dir='ltr'><strong>quem</strong></span> <span class='ocrx_word' id='word_1_94' title='bbox 956 1619 1095 1684; x_wconf 85' lang='lat' dir='ltr'><strong>sere</strong></span> <span class='ocrx_word' id='word_1_95' title='bbox 1138 1620 1327 1685; x_wconf 90' lang='lat' dir='ltr'><strong>nulla</strong></span> <span class='ocrx_word' id='word_1_96' title='bbox 1355 1620 1422 1683; x_wconf 90' lang='lat' dir='ltr'><strong>in</strong></span> <span class='ocrx_word' id='word_1_97' title='bbox 1454 1620 1602 1685; x_wconf 91' lang='lat' dir='ltr'><strong>solo</strong></span> <span class='ocrx_word' id='word_1_98' title='bbox 1632 1641 1761 1686; x_wconf 91' lang='lat' dir='ltr'><strong>suo</strong></span> <span class='ocrx_word' id='word_1_99' title='bbox 1791 1623 1980 1687; x_wconf 87' lang='lat' dir='ltr'><strong>natio</strong></span> <span class='ocrx_word' id='word_1_100' title='bbox 2009 1630 2290 1691; x_wconf 84' lang='lat' dir='ltr'><strong>externa</strong></span> <span class='ocrx_word' id='word_1_101' title='bbox 2318 1631 2459 1692; x_wconf 81' lang='lat' dir='ltr'><strong>non</strong></span> 
     </span>
     <span class='ocr_line' id='line_1_14' title="bbox 255 1722 2455 1809; baseline 0.003 -21"><span class='ocrx_word' id='word_1_102' title='bbox 255 1722 460 1789; x_wconf 84' lang='lat' dir='ltr'><strong>vidit:</strong></span> <span class='ocrx_word' id='word_1_103' title='bbox 512 1723 713 1809; x_wconf 88' lang='lat' dir='ltr'><strong>idque</strong></span> <span class='ocrx_word' id='word_1_104' title='bbox 743 1724 857 1789; x_wconf 77' lang='lat' dir='ltr'><strong>&#39;ita</strong></span> <span class='ocrx_word' id='word_1_105' title='bbox 903 1724 1168 1799; x_wconf 88' lang='lat' dir='ltr'><strong>crebro,</strong></span> <span class='ocrx_word' id='word_1_106' title='bbox 1214 1729 1287 1787; x_wconf 90' lang='lat' dir='ltr'><strong>ut</strong></span> <span class='ocrx_word' id='word_1_107' title='bbox 1333 1743 1525 1807; x_wconf 86' lang='lat' dir='ltr'><strong>paene</strong></span> <span class='ocrx_word' id='word_1_108' title='bbox 1571 1729 1711 1789; x_wconf 88' lang='lat' dir='ltr'><strong>tam</strong></span> <span class='ocrx_word' id='word_1_109' title='bbox 1754 1732 1950 1791; x_wconf 87' lang='lat' dir='ltr'><strong>notus</strong></span> <span class='ocrx_word' id='word_1_110' title='bbox 2002 1729 2092 1793; x_wconf 86' lang='lat' dir='ltr'><strong>sit</strong></span> <span class='ocrx_word' id='word_1_111' title='bbox 2144 1729 2455 1795; x_wconf 86' lang='lat' dir='ltr'><strong>barbaris</strong></span> 
     </span>
     <span class='ocr_line' id='line_1_15' title="bbox 255 1825 2525 1911; baseline 0.004 -20"><span class='ocrx_word' id='word_1_112' title='bbox 255 1827 480 1893; x_wconf 83' lang='lat' dir='ltr'><strong>vultus</strong></span> <span class='ocrx_word' id='word_1_113' title='bbox 507 1828 658 1904; x_wconf 66' lang='lat' dir='ltr'><strong>iste,</strong></span> <span class='ocrx_word' id='word_1_114' title='bbox 692 1846 893 1911; x_wconf 82' lang='lat' dir='ltr'><strong>quam</strong></span> <span class='ocrx_word' id='word_1_115' title='bbox 925 1827 1165 1892; x_wconf 84' lang='lat' dir='ltr'><strong>uobis:</strong></span> <span class='ocrx_word' id='word_1_116' title='bbox 1212 1846 1339 1891; x_wconf 92' lang='lat' dir='ltr'><strong>nec</strong></span> <span class='ocrx_word' id='word_1_117' title='bbox 1378 1827 1646 1905; x_wconf 86' lang='lat' dir='ltr'><strong>frustra,</strong></span> <span class='ocrx_word' id='word_1_118' title='bbox 1698 1848 1848 1893; x_wconf 92' lang='lat' dir='ltr'><strong>cum</strong></span> <span class='ocrx_word' id='word_1_119' title='bbox 1897 1835 2179 1897; x_wconf 76' lang='lat' dir='ltr'><strong>aestates</strong></span> <span class='ocrx_word' id='word_1_120' title='bbox 2222 1851 2459 1899; x_wconf 86' lang='lat' dir='ltr'><strong>omnes</strong></span> <span class='ocrx_word' id='word_1_121' title='bbox 2520 1825 2525 1838; x_wconf 84' lang='lat'>&#39;</span> 
     </span>
     <span class='ocr_line' id='line_1_16' title="bbox 256 1915 2456 2019; baseline 0.004 -26"><span class='ocrx_word' id='word_1_122' title='bbox 256 1928 442 2003; x_wconf 89' lang='lat' dir='ltr'><strong>foris,</strong></span> <span class='ocrx_word' id='word_1_123' title='bbox 529 1930 807 2014; x_wconf 85' lang='lat' dir='ltr'><strong>hyemes</strong></span> <span class='ocrx_word' id='word_1_124' title='bbox 866 1928 1050 1994; x_wconf 91' lang='lat' dir='ltr'><strong>domi</strong></span> <span class='ocrx_word' id='word_1_125' title='bbox 1128 1927 1402 2005; x_wconf 79' lang='lat' dir='ltr'><strong>ducenS,</strong></span> <span class='ocrx_word' id='word_1_126' title='bbox 1460 1915 1734 1995; x_wconf 73' lang='lat' dir='ltr'><strong>civibus¹</strong></span> <span class='ocrx_word' id='word_1_127' title='bbox 1783 1931 2231 2019; x_wconf 86' lang='lat' dir='ltr'><strong>hostibusque</strong></span> <span class='ocrx_word' id='word_1_128' title='bbox 2305 1937 2456 2019; x_wconf 88' lang='lat' dir='ltr'><strong>pari</strong></span> 
     </span>
     <span class='ocr_line' id='line_1_17' title="bbox 257 2031 2456 2118; baseline 0.003 -21"><span class='ocrx_word' id='word_1_129' title='bbox 257 2039 434 2098; x_wconf 87' lang='lat' dir='ltr'><strong>sorte</strong></span> <span class='ocrx_word' id='word_1_130' title='bbox 464 2033 620 2096; x_wconf 89' lang='lat' dir='ltr'><strong>anni</strong></span> <span class='ocrx_word' id='word_1_131' title='bbox 652 2033 881 2118; x_wconf 88' lang='lat' dir='ltr'><strong>spatia</strong></span> <span class='ocrx_word' id='word_1_132' title='bbox 909 2031 1222 2097; x_wconf 85' lang='lat' dir='ltr'><strong>diviseris</strong></span> <span class='ocrx_word' id='word_1_133' title='bbox 1242 2050 1261 2094; x_wconf 69' lang='grc' dir='ltr'><em>ε</em></span> <span class='ocrx_word' id='word_1_134' title='bbox 1284 2035 1354 2096; x_wconf 89' lang='lat' dir='ltr'><strong>et</strong></span> <span class='ocrx_word' id='word_1_135' title='bbox 1379 2032 1439 2096; x_wconf 87' lang='lat' dir='ltr'><strong>si</strong></span> <span class='ocrx_word' id='word_1_136' title='bbox 1457 2032 1573 2118; x_wconf 90' lang='lat' dir='ltr'><strong>qui</strong></span> <span class='ocrx_word' id='word_1_137' title='bbox 1604 2033 1778 2097; x_wconf 88' lang='lat' dir='ltr'><strong>forte</strong></span> <span class='ocrx_word' id='word_1_138' title='bbox 1809 2042 1971 2099; x_wconf 89' lang='lat' dir='ltr'><strong>sunt</strong></span> <span class='ocrx_word' id='word_1_139' title='bbox 1998 2037 2456 2117; x_wconf 85' lang='lat' dir='ltr'><strong>barbarorum,</strong></span> 
     </span>
     <span class='ocr_line' id='line_1_18' title="bbox 257 2134 2455 2220; baseline 0.004 -21"><span class='ocrx_word' id='word_1_140' title='bbox 257 2136 376 2220; x_wconf 92' lang='lat' dir='ltr'><strong>qui</strong></span> <span class='ocrx_word' id='word_1_141' title='bbox 401 2136 696 2200; x_wconf 91' lang='lat' dir='ltr'><strong>nondum</strong></span> <span class='ocrx_word' id='word_1_142' title='bbox 714 2134 983 2201; x_wconf 86' lang='lat' dir='ltr'><strong>virtutis</strong></span> <span class='ocrx_word' id='word_1_143' title='bbox 1016 2139 1150 2199; x_wconf 84' lang='lat' dir='ltr'><strong>tuae</strong></span> <span class='ocrx_word' id='word_1_144' title='bbox 1176 2134 1426 2199; x_wconf 85' lang='lat' dir='ltr'><strong>fulmen</strong></span> <span class='ocrx_word' id='word_1_145' title='bbox 1451 2136 1869 2220; x_wconf 82' lang='lat' dir='ltr'><strong>exceperint,</strong></span> <span class='ocrx_word' id='word_1_146' title='bbox 1888 2139 2182 2204; x_wconf 89' lang='lat' dir='ltr'><strong>nominis</strong></span> <span class='ocrx_word' id='word_1_147' title='bbox 2205 2148 2455 2207; x_wconf 88' lang='lat' dir='ltr'><strong>terrore</strong></span> 
     </span>
     <span class='ocr_line' id='line_1_19' title="bbox 255 2237 2455 2327; baseline 0.004 -25"><span class='ocrx_word' id='word_1_148' title='bbox 255 2238 554 2322; x_wconf 88' lang='lat' dir='ltr'><strong>perculsi</strong></span> <span class='ocrx_word' id='word_1_149' title='bbox 584 2246 652 2305; x_wconf 85' lang='lat' dir='ltr'><strong>et</strong></span> <span class='ocrx_word' id='word_1_150' title='bbox 690 2239 879 2303; x_wconf 84' lang='lat' dir='ltr'><strong>velut</strong></span> <span class='ocrx_word' id='word_1_151' title='bbox 909 2237 1118 2303; x_wconf 86' lang='lat' dir='ltr'><strong>afflati</strong></span> <span class='ocrx_word' id='word_1_152' title='bbox 1150 2238 1526 2322; x_wconf 86' lang='lat' dir='ltr'><strong>quiescant·</strong></span> <span class='ocrx_word' id='word_1_153' title='bbox 1581 2237 1678 2303; x_wconf 70' lang='lat'><strong>2.</strong></span> <span class='ocrx_word' id='word_1_154' title='bbox 1719 2239 1874 2305; x_wconf 86' lang='lat' dir='ltr'><strong>Tua</strong></span> <span class='ocrx_word' id='word_1_155' title='bbox 1903 2242 2102 2320; x_wconf 90' lang='lat' dir='ltr'><strong>euim,</strong></span> <span class='ocrx_word' id='word_1_156' title='bbox 2151 2242 2455 2327; x_wconf 88' lang='lat' dir='ltr'><strong>Impera-</strong></span> 
     </span>
     <span class='ocr_line' id='line_1_20' title="bbox 255 2340 2456 2430; baseline 0.003 -25"><span class='ocrx_word' id='word_1_157' title='bbox 255 2349 383 2419; x_wconf 89' lang='lat' dir='ltr'><strong>tor,</strong></span> <span class='ocrx_word' id='word_1_158' title='bbox 444 2341 798 2426; x_wconf 63' lang='lat' dir='ltr'><strong>au&#39;spicia‘</strong></span> <span class='ocrx_word' id='word_1_159' title='bbox 860 2360 999 2405; x_wconf 89' lang='lat' dir='ltr'><strong>non</strong></span> <span class='ocrx_word' id='word_1_160' title='bbox 1043 2340 1151 2405; x_wconf 84' lang='lat' dir='ltr'><strong>hae</strong></span> <span class='ocrx_word' id='word_1_161' title='bbox 1200 2347 1457 2406; x_wconf 87' lang='lat' dir='ltr'><strong>tantum</strong></span> <span class='ocrx_word' id='word_1_162' title='bbox 1508 2346 1736 2424; x_wconf 87' lang='lat' dir='ltr'><strong>gentes</strong></span> <span class='ocrx_word' id='word_1_163' title='bbox 1785 2347 2097 2423; x_wconf 87' lang='lat' dir='ltr'><strong>tremunt,</strong></span> <span class='ocrx_word' id='word_1_164' title='bbox 2147 2366 2323 2430; x_wconf 88' lang='lat' dir='ltr'><strong>quas</strong></span> <span class='ocrx_word' id='word_1_165' title='bbox 2367 2350 2456 2412; x_wconf 90' lang='lat' dir='ltr'><strong>ab</strong></span> 
     </span>
     <span class='ocr_line' id='line_1_21' title="bbox 258 2441 2457 2529; baseline 0.004 -22"><span class='ocrx_word' id='word_1_166' title='bbox 258 2441 422 2508; x_wconf 89' lang='lat' dir='ltr'><strong>orbe</strong></span> <span class='ocrx_word' id='word_1_167' title='bbox 452 2452 686 2509; x_wconf 89' lang='lat' dir='ltr'><strong>nostro</strong></span> <span class='ocrx_word' id='word_1_168' title='bbox 718 2441 1057 2529; x_wconf 79' lang='lat' dir='ltr'><strong>sylvarum</strong></span> <span class='ocrx_word' id='word_1_169' title='bbox 1089 2443 1466 2521; x_wconf 83' lang='lat' dir='ltr'><strong>intervalla,</strong></span> <span class='ocrx_word' id='word_1_170' title='bbox 1497 2443 1607 2508; x_wconf 86' lang='lat' dir='ltr'><strong>vel</strong></span> <span class='ocrx_word' id='word_1_171' title='bbox 1636 2444 1915 2510; x_wconf 87' lang='lat' dir='ltr'><strong>flumina</strong></span> <span class='ocrx_word' id='word_1_172' title='bbox 1940 2453 2284 2513; x_wconf 88' lang='lat' dir='ltr'><strong>montesve</strong></span> <span class='ocrx_word' id='word_1_173' title='bbox 2315 2450 2457 2515; x_wconf 89' lang='lat' dir='ltr'><strong>dis·</strong></span> 
     </span>
     <span class='ocr_line' id='line_1_22' title="bbox 256 2547 2457 2632; baseline 0.003 -20"><span class='ocrx_word' id='word_1_174' title='bbox 256 2549 588 2629; x_wconf 88' lang='lat' dir='ltr'><strong>tinguunt,</strong></span> <span class='ocrx_word' id='word_1_175' title='bbox 623 2547 746 2612; x_wconf 88' lang='lat' dir='ltr'><strong>sed</strong></span> <span class='ocrx_word' id='word_1_176' title='bbox 779 2566 948 2632; x_wconf 86' lang='lat' dir='ltr'><strong>quas</strong></span> <span class='ocrx_word' id='word_1_177' title='bbox 985 2547 1256 2612; x_wconf 75' lang='lat' dir='ltr'><strong>aeternis</strong></span> <span class='ocrx_word' id='word_1_178' title='bbox 1302 2548 1657 2611; x_wconf 88' lang='lat' dir='ltr'><strong>ardoribus</strong></span> <span class='ocrx_word' id='word_1_179' title='bbox 1705 2547 2119 2629; x_wconf 78' lang='lat' dir='ltr'><strong>inaccessaS,</strong></span> <span class='ocrx_word' id='word_1_180' title='bbox 2150 2558 2269 2617; x_wconf 87' lang='lat' dir='ltr'><strong>aut</strong></span> <span class='ocrx_word' id='word_1_181' title='bbox 2297 2572 2457 2618; x_wconf 90' lang='lat' dir='ltr'><strong>con·</strong></span> 
     </span>
     <span class='ocr_line' id='line_1_23' title="bbox 254 2647 2459 2738; baseline 0.003 -23"><span class='ocrx_word' id='word_1_182' title='bbox 254 2652 447 2715; x_wconf 89' lang='lat' dir='ltr'><strong>tinua</strong></span> <span class='ocrx_word' id='word_1_183' title='bbox 475 2651 710 2734; x_wconf 88' lang='lat' dir='ltr'><strong>hyeme</strong></span> <span class='ocrx_word' id='word_1_184' title='bbox 741 2651 1115 2733; x_wconf 78' lang='lat' dir='ltr'><strong>separatas,</strong></span> <span class='ocrx_word' id='word_1_185' title='bbox 1160 2647 1292 2714; x_wconf 80' lang='lat' dir='ltr'><strong>aut</strong></span> <span class='ocrx_word' id='word_1_186' title='bbox 1321 2649 1663 2726; x_wconf 77' lang='lat' dir='ltr'><strong>interfusis</strong></span> <span class='ocrx_word' id='word_1_187' title='bbox 1693 2653 2073 2735; x_wconf 84' lang='lat' dir='ltr'><strong>aequoribus</strong></span> <span class='ocrx_word' id='word_1_188' title='bbox 2103 2654 2459 2738; x_wconf 87' lang='lat' dir='ltr'><strong>abjunctas</strong></span> 
     </span>
     <span class='ocr_line' id='line_1_24' title="bbox 256 2749 2459 2842; baseline 0.003 -25"><span class='ocrx_word' id='word_1_189' title='bbox 256 2761 499 2818; x_wconf 87' lang='lat' dir='ltr'><strong>natura</strong></span> <span class='ocrx_word' id='word_1_190' title='bbox 529 2753 982 2819; x_wconf 85' lang='lat' dir='ltr'><strong>disterminat:</strong></span> <span class='ocrx_word' id='word_1_191' title='bbox 1011 2753 1148 2816; x_wconf 84' lang='lat' dir='ltr'><strong>non</strong></span> <span class='ocrx_word' id='word_1_192' title='bbox 1185 2749 1464 2817; x_wconf 88' lang='lat' dir='ltr'><strong>Oceano</strong></span> <span class='ocrx_word' id='word_1_193' title='bbox 1496 2752 1733 2833; x_wconf 90' lang='lat' dir='ltr'><strong>Indus,</strong></span> <span class='ocrx_word' id='word_1_194' title='bbox 1763 2772 1897 2817; x_wconf 89' lang='lat' dir='ltr'><strong>non</strong></span> <span class='ocrx_word' id='word_1_195' title='bbox 1927 2753 2162 2837; x_wconf 85' lang='lat' dir='ltr'><strong>frigore</strong></span> <span class='ocrx_word' id='word_1_196' title='bbox 2192 2756 2459 2842; x_wconf 90' lang='lat' dir='ltr'><strong>Bospo-</strong></span> 
     </span>
     <span class='ocr_line' id='line_1_25' title="bbox 254 2854 2568 2943; baseline 0.002 -20"><span class='ocrx_word' id='word_1_197' title='bbox 254 2864 517 2935; x_wconf 85' lang='lat' dir='ltr'><strong>ranus,¹¹</strong></span> <span class='ocrx_word' id='word_1_198' title='bbox 558 2876 693 2921; x_wconf 90' lang='lat' dir='ltr'><strong>nou</strong></span> <span class='ocrx_word' id='word_1_199' title='bbox 737 2854 963 2921; x_wconf 89' lang='lat' dir='ltr'><strong>Arabs</strong></span> <span class='ocrx_word' id='word_1_200' title='bbox 1005 2854 1226 2920; x_wconf 90' lang='lat' dir='ltr'><strong>medio</strong></span> <span class='ocrx_word' id='word_1_201' title='bbox 1258 2855 1451 2920; x_wconf 84' lang='lat' dir='ltr'><strong>sole⁰</strong></span> <span class='ocrx_word' id='word_1_202' title='bbox 1510 2875 1795 2922; x_wconf 88' lang='lat' dir='ltr'><strong>securus</strong></span> <span class='ocrx_word' id='word_1_203' title='bbox 1841 2865 1987 2939; x_wconf 84' lang='lat' dir='ltr'><strong>est3</strong></span> <span class='ocrx_word' id='word_1_204' title='bbox 2032 2864 2102 2922; x_wconf 93' lang='lat' dir='ltr'><strong>et</strong></span> <span class='ocrx_word' id='word_1_205' title='bbox 2155 2879 2293 2943; x_wconf 91' lang='lat' dir='ltr'><strong>quo</strong></span> <span class='ocrx_word' id='word_1_206' title='bbox 2338 2861 2459 2927; x_wconf 82' lang='lat' dir='ltr'><strong>vix</strong></span> <span class='ocrx_word' id='word_1_207' title='bbox 2559 2927 2568 2936; x_wconf 79' lang='grc'><strong><em>,</em></strong></span> 
     </span>
    </p>
   </div>
   <div class='ocr_carea' id='block_1_3' title="bbox 322 3040 816 3093">
    <p class='ocr_par' dir='ltr' id='par_1_4' title="bbox 322 3040 816 3093">
     <span class='ocr_line' id='line_1_26' title="bbox 322 3040 816 3093; baseline 0.004 -3"><span class='ocrx_word' id='word_1_208' title='bbox 322 3040 349 3075; x_wconf 76' lang='lat'><strong>¹²</strong></span> <span class='ocrx_word' id='word_1_209' title='bbox 383 3042 648 3093; x_wconf 75' lang='lat' dir='ltr'><strong>Fortunam</strong></span> <span class='ocrx_word' id='word_1_210' title='bbox 668 3048 816 3093; x_wconf 81' lang='lat' dir='ltr'><strong>tuam.</strong></span> 
     </span>
    </p>
   </div>
   <div class='ocr_carea' id='block_1_4' title="bbox 1177 3120 1537 3143">
    <p class='ocr_par' dir='ltr' id='par_1_5' title="bbox 1177 3120 1537 3143">
     <span class='ocr_line' id='line_1_27' title="bbox 1177 3120 1537 3143; baseline 0.003 -1"><span class='ocrx_word' id='word_1_211' title='bbox 1177 3120 1352 3142; x_wconf 55' lang='lat'><strong>‘0000‘</strong></span> <span class='ocrx_word' id='word_1_212' title='bbox 1359 3120 1537 3143; x_wconf 48' lang='grc' dir='ltr'><strong>θόθθθθ</strong></span> 
     </span>
    </p>
   </div>
   <div class='ocr_carea' id='block_1_5' title="bbox 255 3220 2464 3554">
    <p class='ocr_par' dir='ltr' id='par_1_6' title="bbox 255 3220 2463 3419">
     <span class='ocr_line' id='line_1_28' title="bbox 256 3220 2463 3287; baseline 0.002 -15"><span class='ocrx_word' id='word_1_213' title='bbox 256 3220 450 3273; x_wconf 83' lang='lat' dir='ltr'><strong>Scheff.</strong></span> <span class='ocrx_word' id='word_1_214' title='bbox 482 3225 606 3286; x_wconf 78' lang='lat' dir='ltr'><strong>quod</strong></span> <span class='ocrx_word' id='word_1_215' title='bbox 632 3225 793 3287; x_wconf 75' lang='lat' dir='ltr'><strong>loquor</strong></span> <span class='ocrx_word' id='word_1_216' title='bbox 816 3220 1142 3287; x_wconf 59' lang='grc' dir='ltr'><strong>(ἔπειμι-4</strong></span> <span class='ocrx_word' id='word_1_217' title='bbox 1175 3221 1314 3272; x_wconf 87' lang='lat' dir='ltr'><strong>Edd.</strong></span> <span class='ocrx_word' id='word_1_218' title='bbox 1350 3227 1481 3272; x_wconf 80' lang='lat' dir='ltr'><strong>vett.</strong></span> <span class='ocrx_word' id='word_1_219' title='bbox 1514 3236 1600 3272; x_wconf 74' lang='lat' dir='ltr'><strong>nec</strong></span> <span class='ocrx_word' id='word_1_220' title='bbox 1632 3222 1816 3281; x_wconf 65' lang='lat' dir='ltr'><strong>otium</strong></span> <span class='ocrx_word' id='word_1_221' title='bbox 1849 3222 2080 3285; x_wconf 81' lang='lat' dir='ltr'><strong>Guelph.</strong></span> <span class='ocrx_word' id='word_1_222' title='bbox 2113 3237 2197 3274; x_wconf 76' lang='lat' dir='ltr'><strong>nec</strong></span> <span class='ocrx_word' id='word_1_223' title='bbox 2215 3224 2463 3277; x_wconf 66' lang='lat' dir='ltr'><strong>odioso.—</strong></span> 
     </span>
     <span class='ocr_line' id='line_1_29' title="bbox 256 3286 2460 3355; baseline 0 -17"><span class='ocrx_word' id='word_1_224' title='bbox 256 3293 288 3338; x_wconf 75' lang='lat'><strong>5</strong></span> <span class='ocrx_word' id='word_1_225' title='bbox 325 3289 424 3337; x_wconf 84' lang='lat' dir='ltr'><strong>Ed.</strong></span> <span class='ocrx_word' id='word_1_226' title='bbox 456 3302 538 3337; x_wconf 82' lang='lat' dir='ltr'><strong>an.</strong></span> <span class='ocrx_word' id='word_1_227' title='bbox 574 3292 720 3338; x_wconf 75' lang='lat'><strong>14⁷6.</strong></span> <span class='ocrx_word' id='word_1_228' title='bbox 755 3286 992 3338; x_wconf 86' lang='lat' dir='ltr'><strong>Rhenan.</strong></span> <span class='ocrx_word' id='word_1_229' title='bbox 1028 3294 1084 3337; x_wconf 82' lang='lat' dir='ltr'><strong>et</strong></span> <span class='ocrx_word' id='word_1_230' title='bbox 1120 3288 1185 3339; x_wconf 81' lang='lat' dir='ltr'><strong>al.</strong></span> <span class='ocrx_word' id='word_1_231' title='bbox 1227 3294 1360 3337; x_wconf 84' lang='lat' dir='ltr'><strong>vett.</strong></span> <span class='ocrx_word' id='word_1_232' title='bbox 1387 3289 1670 3352; x_wconf 78' lang='lat' dir='ltr'><strong>spectandus</strong></span> <span class='ocrx_word' id='word_1_233' title='bbox 1698 3288 1941 3353; x_wconf 75' lang='lat' dir='ltr'><strong>affertur-,-</strong></span> <span class='ocrx_word' id='word_1_234' title='bbox 1973 3288 2179 3339; x_wconf 80' lang='lat' dir='ltr'><strong>Acidal.</strong></span> <span class='ocrx_word' id='word_1_235' title='bbox 2217 3291 2355 3355; x_wconf 84' lang='lat' dir='ltr'><strong>conj.</strong></span> <span class='ocrx_word' id='word_1_236' title='bbox 2384 3305 2460 3355; x_wconf 70' lang='lat' dir='ltr'><strong>sp.</strong></span> 
     </span>
     <span class='ocr_line' id='line_1_30' title="bbox 255 3352 1788 3419; baseline 0.001 -18"><span class='ocrx_word' id='word_1_237' title='bbox 255 3352 477 3419; x_wconf 81' lang='lat' dir='ltr'><strong>offertur.</strong></span> <span class='ocrx_word' id='word_1_238' title='bbox 542 3354 692 3418; x_wconf 85' lang='lat' dir='ltr'><strong>Mox,</strong></span> <span class='ocrx_word' id='word_1_239' title='bbox 715 3353 940 3417; x_wconf 84' lang='lat' dir='ltr'><strong>Gnelph.</strong></span> <span class='ocrx_word' id='word_1_240' title='bbox 963 3359 1018 3403; x_wconf 85' lang='lat' dir='ltr'><strong>et</strong></span> <span class='ocrx_word' id='word_1_241' title='bbox 1039 3354 1163 3404; x_wconf 75' lang='lat' dir='ltr'><strong>Vet-</strong></span> <span class='ocrx_word' id='word_1_242' title='bbox 1187 3354 1413 3403; x_wconf 82' lang='lat' dir='ltr'><strong>Putean.</strong></span> <span class='ocrx_word' id='word_1_243' title='bbox 1444 3353 1618 3416; x_wconf 54' lang='lat' dir='ltr'><strong>mirum</strong></span> <span class='ocrx_word' id='word_1_244' title='bbox 1637 3353 1788 3403; x_wconf 76' lang='lat' dir='ltr'><strong>dictu.</strong></span> 
     </span>
    </p>

    <p class='ocr_par' dir='ltr' id='par_1_7' title="bbox 259 3417 2464 3554">
     <span class='ocr_line' id='line_1_31' title="bbox 326 3417 2463 3482; baseline 0 -15"><span class='ocrx_word' id='word_1_245' title='bbox 326 3420 629 3470; x_wconf 56' lang='lat' dir='ltr'><strong>Clu-xxii.</strong></span> <span class='ocrx_word' id='word_1_246' title='bbox 698 3424 725 3469; x_wconf 89' lang='lat'>1</span> <span class='ocrx_word' id='word_1_247' title='bbox 763 3420 885 3469; x_wconf 87' lang='lat' dir='ltr'><strong>Vet.</strong></span> <span class='ocrx_word' id='word_1_248' title='bbox 924 3419 1148 3469; x_wconf 79' lang='lat' dir='ltr'><strong>Putean.</strong></span> <span class='ocrx_word' id='word_1_249' title='bbox 1188 3419 1395 3482; x_wconf 67' lang='lat' dir='ltr'><strong>nominis</strong></span> <span class='ocrx_word' id='word_1_250' title='bbox 1432 3420 1508 3468; x_wconf 78' lang='lat' dir='ltr'><strong>tui</strong></span> <span class='ocrx_word' id='word_1_251' title='bbox 1542 3424 1741 3469; x_wconf 75' lang='lat' dir='ltr'><strong>terrore.</strong></span> <span class='ocrx_word' id='word_1_252' title='bbox 1812 3417 1941 3468; x_wconf 88' lang='lat' dir='ltr'><strong>Cod.</strong></span> <span class='ocrx_word' id='word_1_253' title='bbox 1983 3417 2177 3469; x_wconf 85' lang='lat' dir='ltr'><strong>Scheff.</strong></span> <span class='ocrx_word' id='word_1_254' title='bbox 2219 3419 2463 3481; x_wconf 68' lang='lat' dir='ltr'><strong>percussi,-</strong></span> 
     </span>
     <span class='ocr_line' id='line_1_32' title="bbox 259 3482 2464 3554; baseline 0.001 -22"><span class='ocrx_word' id='word_1_255' title='bbox 259 3482 483 3547; x_wconf 84' lang='lat' dir='ltr'><strong>Guelph.</strong></span> <span class='ocrx_word' id='word_1_256' title='bbox 508 3485 722 3547; x_wconf 69' lang='lat' dir='ltr'><strong>percussi</strong></span> <span class='ocrx_word' id='word_1_257' title='bbox 737 3491 789 3554; x_wconf 28' lang='lat' dir='ltr'><strong>,et</strong></span> <span class='ocrx_word' id='word_1_258' title='bbox 807 3501 855 3535; x_wconf 80' lang='lat' dir='ltr'><strong>v.</strong></span> <span class='ocrx_word' id='word_1_259' title='bbox 877 3484 1180 3551; x_wconf 60' lang='lat' dir='ltr'><strong>adflicta—2</strong></span> <span class='ocrx_word' id='word_1_260' title='bbox 1211 3484 1347 3535; x_wconf 88' lang='lat' dir='ltr'><strong>Edd.</strong></span> <span class='ocrx_word' id='word_1_261' title='bbox 1367 3490 1494 3534; x_wconf 81' lang='lat' dir='ltr'><strong>vett.</strong></span> <span class='ocrx_word' id='word_1_262' title='bbox 1523 3483 1789 3549; x_wconf 74' lang='lat' dir='ltr'><strong>aequoribm</strong></span> <span class='ocrx_word' id='word_1_263' title='bbox 1807 3484 2082 3549; x_wconf 62' lang='lat' dir='ltr'><strong>adjuncta,-</strong></span> <span class='ocrx_word' id='word_1_264' title='bbox 2105 3484 2301 3535; x_wconf 76' lang='lat' dir='ltr'><strong>Acidal.</strong></span> <span class='ocrx_word' id='word_1_265' title='bbox 2326 3483 2464 3548; x_wconf 88' lang='lat' dir='ltr'><strong>conj.</strong></span> 
     </span>
    </p>
   </div>
   <div class='ocr_carea' id='block_1_6' title="bbox 1248 3614 1466 3667">
    <p class='ocr_par' dir='ltr' id='par_1_8' title="bbox 1248 3614 1466 3667">
     <span class='ocr_line' id='line_1_33' title="bbox 1248 3614 1466 3667; baseline -0.009 0"><span class='ocrx_word' id='word_1_266' title='bbox 1248 3614 1466 3667; x_wconf 81' lang='lat' dir='ltr'>NOTAE</span> 
     </span>
    </p>
   </div>
   <div class='ocr_carea' id='block_1_7' title="bbox 256 3712 2464 3934">
    <p class='ocr_par' dir='ltr' id='par_1_9' title="bbox 256 3712 2464 3934">
     <span class='ocr_line' id='line_1_34' title="bbox 324 3712 2081 3779; baseline -0.002 -14"><span class='ocrx_word' id='word_1_267' title='bbox 324 3714 351 3747; x_wconf 56' lang='grc' dir='ltr'><strong><em>κ</em></strong></span> <span class='ocrx_word' id='word_1_268' title='bbox 388 3714 665 3779; x_wconf 61' lang='lat' dir='ltr'><strong>reumque]</strong></span> <span class='ocrx_word' id='word_1_269' title='bbox 716 3713 977 3771; x_wconf 53' lang='lat' dir='ltr'><strong>‘Tensau’</strong></span> <span class='ocrx_word' id='word_1_270' title='bbox 1011 3728 1105 3763; x_wconf 82' lang='lat' dir='ltr'><strong>seu</strong></span> <span class='ocrx_word' id='word_1_271' title='bbox 1139 3720 1200 3764; x_wconf 90' lang='lat' dir='ltr'><strong>ut</strong></span> <span class='ocrx_word' id='word_1_272' title='bbox 1238 3713 1325 3763; x_wconf 82' lang='lat' dir='ltr'><strong>alii</strong></span> <span class='ocrx_word' id='word_1_273' title='bbox 1396 3720 1601 3764; x_wconf 81' lang='lat' dir='ltr'><strong>secreto</strong></span> <span class='ocrx_word' id='word_1_274' title='bbox 1623 3728 1739 3764; x_wconf 73' lang='lat' dir='ltr'><strong>ense</strong></span> <span class='ocrx_word' id='word_1_275' title='bbox 1761 3712 2081 3764; x_wconf 81' lang='lat' dir='ltr'><strong>viderentur.</strong></span> 
     </span>
     <span class='ocr_line' id='line_1_35' title="bbox 256 3785 2464 3856; baseline -0.001 -14"><span class='ocrx_word' id='word_1_276' title='bbox 256 3792 545 3853; x_wconf 80' lang='lat' dir='ltr'><strong>scribunt‚‘</strong></span> <span class='ocrx_word' id='word_1_277' title='bbox 564 3791 961 3855; x_wconf 78' lang='lat' dir='ltr'><strong>thensae‚&#39;erant</strong></span> <span class='ocrx_word' id='word_1_278' title='bbox 976 3785 1324 3856; x_wconf 73' lang='lat' dir='ltr'><strong>sacricurrns,</strong></span> <span class='ocrx_word' id='word_1_279' title='bbox 1460 3798 1485 3824; x_wconf 85' lang='lat'><strong>¹¹</strong></span> <span class='ocrx_word' id='word_1_280' title='bbox 1509 3791 1715 3853; x_wconf 78' lang='lat' dir='ltr'><strong>Frigore</strong></span> <span class='ocrx_word' id='word_1_281' title='bbox 1742 3790 2065 3855; x_wconf 71' lang='lat' dir='ltr'><strong>Bosporanus]</strong></span> <span class='ocrx_word' id='word_1_282' title='bbox 2097 3790 2330 3854; x_wconf 78' lang='lat' dir='ltr'><strong>Populus</strong></span> <span class='ocrx_word' id='word_1_283' title='bbox 2341 3790 2464 3840; x_wconf 78' lang='lat' dir='ltr'><strong>Sar·</strong></span> 
     </span>
     <span class='ocr_line' id='line_1_36' title="bbox 257 3865 2461 3934; baseline -0.001 -17"><span class='ocrx_word' id='word_1_284' title='bbox 257 3868 448 3934; x_wconf 83' lang='lat' dir='ltr'><strong>quibus</strong></span> <span class='ocrx_word' id='word_1_285' title='bbox 478 3869 532 3918; x_wconf 87' lang='lat' dir='ltr'><strong>in</strong></span> <span class='ocrx_word' id='word_1_286' title='bbox 574 3868 712 3918; x_wconf 82' lang='lat' dir='ltr'><strong>ludis</strong></span> <span class='ocrx_word' id='word_1_287' title='bbox 745 3868 1060 3919; x_wconf 79' lang='lat' dir='ltr'><strong>circensibus</strong></span> <span class='ocrx_word' id='word_1_288' title='bbox 1095 3867 1325 3917; x_wconf 84' lang='lat' dir='ltr'><strong>Deorum</strong></span> <span class='ocrx_word' id='word_1_289' title='bbox 1395 3867 1570 3917; x_wconf 75' lang='lat' dir='ltr'><strong>matiae</strong></span> <span class='ocrx_word' id='word_1_290' title='bbox 1617 3868 1888 3929; x_wconf 77' lang='lat' dir='ltr'><strong>Europaeae</strong></span> <span class='ocrx_word' id='word_1_291' title='bbox 1934 3882 2114 3917; x_wconf 79' lang='lat' dir='ltr'><strong>versus</strong></span> <span class='ocrx_word' id='word_1_292' title='bbox 2172 3865 2461 3931; x_wconf 79' lang='lat' dir='ltr'><strong>Bosporum</strong></span> 
     </span>
    </p>
   </div>
   <div class='ocr_carea' id='block_1_8' title="bbox 256 3943 2467 4165">
    <p class='ocr_par' dir='ltr' id='par_1_10' title="bbox 256 3943 2467 4165">
     <span class='ocr_line' id='line_1_37' title="bbox 256 3943 2461 4008; baseline -0.001 -12"><span class='ocrx_word' id='word_1_293' title='bbox 256 3946 538 3996; x_wconf 81' lang='lat' dir='ltr'><strong>simulacra</strong></span> <span class='ocrx_word' id='word_1_294' title='bbox 560 3946 899 3995; x_wconf 81' lang='lat' dir='ltr'><strong>vehebantur.</strong></span> <span class='ocrx_word' id='word_1_295' title='bbox 1396 3944 1746 4000; x_wconf 81' lang='lat' dir='ltr'><strong>Cimmerium,</strong></span> <span class='ocrx_word' id='word_1_296' title='bbox 1768 3943 1856 3994; x_wconf 89' lang='lat' dir='ltr'><strong>ubi</strong></span> <span class='ocrx_word' id='word_1_297' title='bbox 1890 3958 2029 3994; x_wconf 79' lang='lat' dir='ltr'><strong>nunc</strong></span> <span class='ocrx_word' id='word_1_298' title='bbox 2065 3958 2179 4008; x_wconf 74' lang='lat' dir='ltr'><strong>pars</strong></span> <span class='ocrx_word' id='word_1_299' title='bbox 2209 3945 2461 3994; x_wconf 66' lang='lat' dir='ltr'><strong>Turtariae</strong></span> 
     </span>
     <span class='ocr_line' id='line_1_38' title="bbox 324 4020 2467 4096; baseline -0.001 -23"><span class='ocrx_word' id='word_1_300' title='bbox 324 4021 340 4057; x_wconf 85' lang='lat'>¹</span> <span class='ocrx_word' id='word_1_301' title='bbox 368 4021 604 4086; x_wconf 69' lang='lat' dir='ltr'><strong>Viator-is]</strong></span> <span class='ocrx_word' id='word_1_302' title='bbox 637 4022 720 4073; x_wconf 87' lang='lat' dir='ltr'><strong>De</strong></span> <span class='ocrx_word' id='word_1_303' title='bbox 750 4023 827 4071; x_wconf 72' lang='lat' dir='ltr'><strong>his</strong></span> <span class='ocrx_word' id='word_1_304' title='bbox 864 4021 1064 4072; x_wconf 85' lang='lat' dir='ltr'><strong>dictum</strong></span> <span class='ocrx_word' id='word_1_305' title='bbox 1099 4025 1182 4071; x_wconf 77' lang='lat' dir='ltr'><strong>est</strong></span> <span class='ocrx_word' id='word_1_306' title='bbox 1207 4020 1326 4096; x_wconf 15' lang='lat' dir='ltr'><strong>&#39;Pli-</strong></span> <span class='ocrx_word' id='word_1_307' title='bbox 1397 4022 1766 4086; x_wconf 80' lang='lat' dir='ltr'><strong>Precopensis.</strong></span> <span class='ocrx_word' id='word_1_308' title='bbox 1835 4022 1923 4071; x_wconf 87' lang='lat' dir='ltr'><strong>De</strong></span> <span class='ocrx_word' id='word_1_309' title='bbox 1944 4022 2094 4087; x_wconf 77' lang='lat' dir='ltr'><strong>hujus</strong></span> <span class='ocrx_word' id='word_1_310' title='bbox 2125 4022 2350 4087; x_wconf 81' lang='lat' dir='ltr'><strong>regionis</strong></span> <span class='ocrx_word' id='word_1_311' title='bbox 2370 4020 2467 4072; x_wconf 83' lang='lat' dir='ltr'><strong>fri-</strong></span> 
     </span>
     <span class='ocr_line' id='line_1_39' title="bbox 257 4096 2459 4165; baseline -0 -15"><span class='ocrx_word' id='word_1_312' title='bbox 257 4100 332 4150; x_wconf 87' lang='lat' dir='ltr'><strong>nii</strong></span> <span class='ocrx_word' id='word_1_313' title='bbox 358 4100 562 4165; x_wconf 77' lang='lat' dir='ltr'><strong>Paneg.</strong></span> <span class='ocrx_word' id='word_1_314' title='bbox 580 4116 631 4151; x_wconf 88' lang='lat' dir='ltr'><strong>c.</strong></span> <span class='ocrx_word' id='word_1_315' title='bbox 656 4113 855 4151; x_wconf 71' lang='lat' dir='ltr'><strong>Lxxvr.</strong></span> <span class='ocrx_word' id='word_1_316' title='bbox 878 4105 989 4151; x_wconf 90' lang='lat' dir='ltr'><strong>not.</strong></span> <span class='ocrx_word' id='word_1_317' title='bbox 1010 4096 1053 4165; x_wconf 64' lang='lat'><strong>¹3.</strong></span> <span class='ocrx_word' id='word_1_318' title='bbox 1125 4116 1129 4121; x_wconf 84' lang='lat'><em>·</em></span> <span class='ocrx_word' id='word_1_319' title='bbox 1396 4100 1606 4164; x_wconf 73' lang='lat' dir='ltr'><strong>guribus</strong></span> <span class='ocrx_word' id='word_1_320' title='bbox 1641 4114 1756 4150; x_wconf 89' lang='lat' dir='ltr'><strong>cum</strong></span> <span class='ocrx_word' id='word_1_321' title='bbox 1790 4100 2072 4164; x_wconf 80' lang='lat' dir='ltr'><strong>geographi</strong></span> <span class='ocrx_word' id='word_1_322' title='bbox 2111 4113 2306 4161; x_wconf 85' lang='lat' dir='ltr'><strong>omnes,</strong></span> <span class='ocrx_word' id='word_1_323' title='bbox 2351 4104 2459 4150; x_wconf 88' lang='lat' dir='ltr'><strong>tum</strong></span> 
     </span>
    </p>
   </div>
   <div class='ocr_carea' id='block_1_9' title="bbox 257 4175 2460 4319">
    <p class='ocr_par' dir='ltr' id='par_1_11' title="bbox 257 4175 2460 4319">
     <span class='ocr_line' id='line_1_40' title="bbox 325 4175 2460 4241; baseline 0 -16"><span class='ocrx_word' id='word_1_324' title='bbox 325 4183 363 4210; x_wconf 77' lang='lat'><strong>¹·</strong></span> <span class='ocrx_word' id='word_1_325' title='bbox 385 4177 531 4226; x_wconf 72' lang='lat' dir='ltr'><strong>Esset</strong></span> <span class='ocrx_word' id='word_1_326' title='bbox 552 4176 606 4225; x_wconf 77' lang='lat' dir='ltr'><strong>in</strong></span> <span class='ocrx_word' id='word_1_327' title='bbox 624 4176 837 4241; x_wconf 78' lang='lat' dir='ltr'><strong>publico]</strong></span> <span class='ocrx_word' id='word_1_328' title='bbox 870 4176 935 4226; x_wconf 82' lang='lat' dir='ltr'><strong>ld</strong></span> <span class='ocrx_word' id='word_1_329' title='bbox 954 4182 1057 4238; x_wconf 80' lang='lat' dir='ltr'><strong>est,</strong></span> <span class='ocrx_word' id='word_1_330' title='bbox 1082 4179 1139 4226; x_wconf 90' lang='lat' dir='ltr'><strong>ut</strong></span> <span class='ocrx_word' id='word_1_331' title='bbox 1170 4175 1326 4227; x_wconf 73' lang='lat' dir='ltr'><strong>etiam</strong></span> <span class='ocrx_word' id='word_1_332' title='bbox 1396 4175 1632 4237; x_wconf 68' lang='lat' dir='ltr'><strong>inprimis</strong></span> <span class='ocrx_word' id='word_1_333' title='bbox 1670 4176 1835 4227; x_wconf 83' lang='lat' dir='ltr'><strong>multa</strong></span> <span class='ocrx_word' id='word_1_334' title='bbox 1865 4176 2022 4228; x_wconf 81' lang='lat' dir='ltr'><strong>habet</strong></span> <span class='ocrx_word' id='word_1_335' title='bbox 2065 4175 2225 4228; x_wconf 73' lang='lat' dir='ltr'><strong>Ovio.</strong></span> <span class='ocrx_word' id='word_1_336' title='bbox 2262 4176 2352 4227; x_wconf 87' lang='lat' dir='ltr'><strong>lib.</strong></span> <span class='ocrx_word' id='word_1_337' title='bbox 2390 4191 2460 4226; x_wconf 87' lang='lat' dir='ltr'><strong>ex</strong></span> 
     </span>
     <span class='ocr_line' id='line_1_41' title="bbox 257 4253 1592 4319; baseline 0.001 -16"><span class='ocrx_word' id='word_1_338' title='bbox 257 4258 513 4313; x_wconf 60' lang='lat' dir='ltr'><strong>tumtum</strong></span> <span class='ocrx_word' id='word_1_339' title='bbox 537 4253 590 4303; x_wconf 88' lang='lat' dir='ltr'><strong>iu</strong></span> <span class='ocrx_word' id='word_1_340' title='bbox 630 4253 844 4317; x_wconf 83' lang='lat' dir='ltr'><strong>publico</strong></span> <span class='ocrx_word' id='word_1_341' title='bbox 879 4253 1239 4319; x_wconf 70' lang='lat' dir='ltr'><strong>versabantur,</strong></span> <span class='ocrx_word' id='word_1_342' title='bbox 1274 4254 1325 4302; x_wconf 92' lang='lat' dir='ltr'><strong>iu</strong></span> <span class='ocrx_word' id='word_1_343' title='bbox 1398 4254 1592 4306; x_wconf 86' lang='lat' dir='ltr'><strong>Ponto.</strong></span> 
     </span>
    </p>
   </div>
   <div class='ocr_carea' id='block_1_10' title="bbox 392 4332 2329 4402">
    <p class='ocr_par' dir='ltr' id='par_1_12' title="bbox 392 4332 2329 4402">
     <span class='ocr_line' id='line_1_42' title="bbox 392 4332 2329 4402; baseline -0.003 -15"><span class='ocrx_word' id='word_1_344' title='bbox 392 4336 570 4402; x_wconf 68' lang='lat' dir='ltr'><strong>Delph.</strong></span> <span class='ocrx_word' id='word_1_345' title='bbox 584 4341 634 4387; x_wconf 79' lang='lat' dir='ltr'><strong>et</strong></span> <span class='ocrx_word' id='word_1_346' title='bbox 660 4337 777 4387; x_wconf 78' lang='lat' dir='ltr'><strong>Var.</strong></span> <span class='ocrx_word' id='word_1_347' title='bbox 800 4337 931 4388; x_wconf 68' lang='lat' dir='ltr'><strong>Clas.</strong></span> <span class='ocrx_word' id='word_1_348' title='bbox 1222 4337 1407 4399; x_wconf 78' lang='lat' dir='ltr'><strong>Paneg.</strong></span> <span class='ocrx_word' id='word_1_349' title='bbox 1436 4336 1551 4388; x_wconf 78' lang='lat' dir='ltr'><strong>Vct.</strong></span> <span class='ocrx_word' id='word_1_350' title='bbox 2207 4339 2237 4383; x_wconf 80' lang='lat'><strong>5</strong></span> <span class='ocrx_word' id='word_1_351' title='bbox 2271 4332 2329 4382; x_wconf 87' lang='grc' dir='ltr'>Η</span> 
     </span>
    </p>
   </div>
  </div>
 </body>
</html>
