3084 4959
891 366 1040 416 rao
1089 365 1458 418 ms'rAun..
1503 367 1848 419 senous.
1926 370 2028 418 ιν.
2069 356 2138 420 4.
2439 347 2615 427 1239

420 513 485 581 2.
530 512 936 598 Quanquam
963 514 1033 578 in
1061 514 1190 580 hac
1221 515 1547 593 oratione,
1579 512 1674 580 V.
1701 515 1811 595 P„
1839 515 1976 581 loci
2023 518 2484 585 tantummodo
2510 520 2614 585 in·

420 617 730 696 selentia,
760 636 892 681 non
922 615 1190 681 dicendi
1229 604 1530 682 novitate
1573 620 1955 702 perturber:
2001 618 2331 702 siquidem
2352 621 2426 685 id
2456 641 2611 704 pos-

419 722 588 800 tulo,
616 720 798 805 quod
826 739 962 784 non
993 719 1196 785 modo
1225 719 1738 786 contradicendo
1766 741 1958 786 nemo
1988 721 2239 787 audeat
2265 722 2613 809 impedire,

419 820 544 890 sed
593 842 829 889 omnes
875 822 1131 907 potius,
1184 822 1429 907 quibus
1485 822 1722 890 divina
1771 823 2165 909 Principum
2215 825 2612 905 liberalitas,

422 925 667 1009 quibus
711 925 891 990 urbis
933 925 1138 1017 istius
1183 925 1549 1015 restitutio,
1609 926 1854 1011 quibus
1900 928 2305 1012 optimarum
2364 929 2613 996 artium

378 1010 384 1027 ’
419 1029 791 1094 celebratio
812 1033 997 1112 grata
1025 1037 1234 1112 atque
1252 1028 1558 1113 jucunda
1584 1036 1715 1107 est,
1745 1050 2008 1096 summo
2028 1031 2279 1113 gaudio
2302 1039 2370 1097 et
2383 1032 2614 1099 favore

419 1132 814 1215 suscipiant,
846 1138 921 1196 ut
955 1132 1318 1197 Maenianae
1349 1131 1486 1196 illae
1508 1133 1793 1211 scholae,
1814 1133 2150 1218 quondam
2168 1134 2612 1218 pulcherrimo

416 1255 621 1321 opere
654 1242 724 1301 et
751 1235 1114 1300 studiorum
1145 1234 1520 1318 frequentia
1556 1237 1858 1301 celebres
1904 1242 1974 1302 et
2018 1237 2387 1316 illustres?
2408 1238 2612 1322 juxta

418 1345 672 1418 cetera,
729 1358 887 1423 quae
933 1338 1414 1414 instaurantur,
1474 1357 1685 1422 opera
1736 1358 1820 1404 ac
1869 1338 2122 1422 templa
2177 1349 2612 1424 reparentur.·

417 1441 483 1505 3.
513 1442 639 1523 'Ita
669 1449 996 1525 quantum
1026 1441 1186 1505 mihi
1228 1440 1700 1525 trepidationis
1748 1440 1935 1507 affert
1978 1441 2195 1520 locus,
2225 1448 2484 1507 tantum
2510 1465 2611 1509 re-

414 1546 596 1611 levat
626 1563 833 1609 causa
881 1544 1206 1608 dicendi.⁴¹
1286 1546 1359 1607 4.
1402 1543 1632 1623 Quam
1679 1544 1949 1628 quidem
1994 1564 2141 1627 ego,
2184 1544 2275 1609 V.
2303 1543 2412 1617 P.,
2440 1547 2610 1613 duas

415 1647 486 1714 in
516 1652 741 1732 partes
762 1654 802 1711 ¹¹.
830 1647 1121 1711 arbitror
1164 1646 1631 1728 dividendam3
1675 1656 1751 1712 ut
1790 1648 1976 1731 prius
2022 1647 2373 1725 disseram,
2406 1668 2608 1733 quam

413 1752 505 1816 sit
534 1772 623 1816 ex
651 1771 776 1815 usu
801 1756 869 1814 et
894 1749 1141 1830 officio,
1172 1770 1349 1835 opus
1372 1751 1538 1816 illud
1560 1751 1646 1816 ad
1670 1751 2020 1837 pristinam
2042 1750 2607 1833 magnificentiam

412 1853 753 1919 reformari
780 1877 795 1916 ε
830 1853 1097 1932 deinde,
1115 1874 1249 1939 qua
1266 1854 1530 1920 ratione
1554 1854 1622 1919 id
1647 1855 1864 1939 possit
1888 1856 2031 1919 sine
2057 1859 2279 1919 sumtu
2305 1856 2606 1939 publico,

414 1974 508 2020 ex
549 1955 906 2038 largitione
946 1956 1216 2040 quidem
1266 1955 1659 2040 Principum
1708 1957 2170 2034 maximorum,
2214 1956 2337 2020 sed
2384 1964 2607 2022 tamen

412 2077 568 2123 cum
600 2059 829 2143 aliquo
862 2078 1011 2124 meo
1042 2078 1200 2144 erga
1226 2060 1515 2145 patriam
1564 2079 1780 2125 meam
1815 2059 2038 2125 studio
2069 2064 2140 2123 et
2169 2077 2606 2145 amore,·pro-

413 2161 677 2225 cedere.

498 2261 678 2329 GAP.
714 2279 817 2328 w.
904 2261 969 2327 1.
1014 2262 1186 2329 Ante
1231 2263 1457 2329 omnia
1501 2264 1723 2348 igitur,
1761 2263 1843 2330 V.
1873 2264 1982 2343 P„
2013 2264 2261 2332 divinae
2310 2264 2603 2350 Impera—

409 2370 632 2430 torum
662 2363 1184 2452 Caesarumque⁰
1229 2372 1612 2433 nostrorum
1658 2367 2121 2453 providentiae,
2154 2368 2603 2452 singularique

408 2470 480 2539 in
504 2488 624 2534 nos
653 2466 1141 2535 benevolentiae
1168 2468 1369 2555 hujus
1400 2489 1666 2554 quoque
1711 2471 1940 2555 operis
1970 2472 2453 2536 instauratione
2485 2490 2603 2556 pa-

467 2679 492 2707 *
528 2673 827 2739 Reficiantur
841 2672 1011 2724 itidem
1028 2671 1128 2722 alia
1147 2684 1307 2733 opera.

464 2736 495 2772 ὅ
524 2739 608 2789 Sic
626 2745 855 2804 quantum
873 2738 1059 2790 timia
1080 2737 1229 2803 affert
1244 2738 1390 2798 loeus,
1410 2739 1597 2784 tantum
1618 2750 1693 2786 ηε
1714 2743 1897 2788 recreat
1918 2738 2151 2788 orationis
2168 2743 2516 2801 argum-mm.

1338 2879 1674 2902 ΝΝΝΜΟΟ

406 2988 503 3041 tin.
526 2987 745 3054 Cuspin.
768 2995 822 3038 et
852 2989 1073 3036 recentt.
1140 2982 1286 3041 Mox,
1310 2980 1537 3046 Guelpb.
1568 2996 1664 3031 una
1684 2983 1743 3032 de
1760 2988 1930 3033 ree—2
1963 2982 2189 3043 Guelph.
2219 2970 2409 3046 sed'qui
2426 2983 2480 3033 id
2494 2996 2604 3047 poe-

402 3057 536 3119 tulog
569 3064 621 3103 et
654 3054 809 3117 paulo
834 3058 970 3117 post,
1006 3064 1101 3114 pro
1122 3048 1273 3109 urbis,
1293 3047 1427 3096 idem
1451 3047 1620 3096 codex
1649 3048 1808 3097 habet
1837 3049 2011 3096 verbis.
2076 3050 2198 3097 Duo
2223 3062 2335 3098 voc.
2367 3053 2415 3098 et
2435 3047 2606 3109 favore

403 3122 591 3170 desum
614 3121 666 3170 in
685 3119 887 3169 Bet-tin.
935 3117 1064 3165 God.
1084 3114 1257 3163 Μαι-Ι.
1281 3128 1374 3176 pro
1395 3126 1521 3162 voce
1535 3117 1835 3177 reparent-r,
1854 3113 2010 3162 babet
2025 3119 2442 3172 numerarentur,-
2466 3115 2602 3165 Gud.

401 3188 844 3236 restauratam—8
880 3181 1128 3234 Nonnulli
1153 3178 1306 3229 codd.
1338 3183 1526 3231 tantum
1559 3179 1800 3228 lenna—4
1835 3179 1965 3228 Cod.
1988 3178 2162 3228 Moerl.
2182 3187 2238 3229 et
2262 3179 2487 3244 Guelpb.
2512 3195 2602 3244 ps·
2682 3248 2691 3251 -

402 3253 549 3309 triam
567 3267 735 3302 mam.
805 3250 1097 3298 Pronomeu
1120 3259 1271 3294 meam
1293 3244 1444 3294 deest
1471 3244 1525 3292 in
1550 3243 1670 3292 edd.
1695 3251 1816 3293 ante
1839 3245 2086 3294 Arntzen.

464 3318 600 3370 cn.
622 3331 701 3368 ιν.
756 3319 783 3366 1
819 3311 1119 3367 Markland.
1155 3310 1220 3375 ⁸5¹
1256 3309 1394 3360 Stat.
1427 3308 1569 3374 Sylv.
1602 3323 1680 3359 xv.
1709 3308 1762 3358 6.
1791 3314 1875 3361 65.
1910 3303 2172 3367 emendat,
2206 3309 2493 3361 instauratio
2524 3325 2600 3360 re·

1394 3475 1444 3525 N
1452 3474 1614 3526 01·AE

462 3588 505 3619 ¹⁸⁴
538 3579 757 3631 Galeam
778 3581 828 3628 st
855 3573 1091 3637 illustres]
1126 3573 1457 3639 Augustodu-
1541 3574 1864 3624 Rhenanam.

399 3672 588 3710 nenses
642 3657 831 3706 scholae
884 3654 1123 3704 celebres
1177 3657 1330 3701 erant
1373 3650 1457 3699 vel
1605 3657 1632 3684 ¹¹
1665 3650 1804 3701 Duos
1834 3650 1887 3698 in
1919 3649 2104 3713 partes]
2136 3645 2470 3711 Distributio.
2497 3661 2602 3711 qna

395 3734 594 3786 Tiberii
634 3739 900 3797 tempore:
956 3728 1209 3794 siqnidem
1249 3728 1460 3780 Tacitus
1544 3724 1781 3775 bifariam
1802 3724 2086 3774 orationem
2106 3722 2311 3772 dividit.
2359 3722 2419 3771 ln
2439 3723 2601 3786 priori

397 3814 542 3865 Hist.
560 3826 649 3863 nr.
665 3814 750 3863 43.
766 3809 894 3859 dicit
916 3808 933 3837 ‘
953 3807 1317 3856 nobilissimam
1334 3806 1461 3855 Gal·
1546 3810 1697 3865 parte
1718 3799 1949 3849 ostendit
1977 3800 2271 3849 Maenianas
2294 3798 2494 3849 scholas
2516 3815 2600 3851 es·

395 3893 583 3943 liarum
628 3889 878 3950 sobolem,
922 3884 1223 3935 liberalibus
1274 3882 1460 3932 studiis
1536 3891 1598 3927 se
1637 3876 2029 3927 instaur-audace
2083 3877 2136 3926 in
2180 3877 2346 3926 altera
2384 3892 2508 3928 vero
2545 3875 2600 3927 id

397 3967 473 4017 ibi
518 3960 820 4030 operatam!
887 3960 1041 4013 Quod
1086 3957 1153 4008 sd
1199 3958 1458 4019 Augusto-
1538 3955 1645 4005 suis
1672 3953 1920 4005 sumtibus
1955 3968 2070 4004 esse
2101 3952 2416 4018 faciendum,
2438 3961 2601 4019 atque

396 4043 697 4097 dunensem,
722 4054 824 4089 non
847 4051 972 4087 vero
1005 4034 1458 4098 Augustoclivien-
1537 4031 1594 4081 in
1632 4031 1731 4081 boc
1771 4045 1930 4094 opere
1968 4030 2228 4081 decretam
2264 4031 2361 4080 sibi
2399 4046 2432 4080 a
2463 4032 2599 4082 Con·

396 4135 505 4170 sem
527 4115 796 4170 civitatem
817 4111 1000 4165 referri
1024 4112 1235 4168 debere,
1253 4113 1459 4175 Lipsius
1539 4109 1733 4159 stantio
1788 4107 2087 4172 pensionem
2133 4121 2250 4158 esse
2298 4108 2598 4172 impenden-

396 4199 453 4248 in
497 4209 717 4246 excursu
757 4192 825 4242 ad
866 4192 1004 4241 hunc
1050 4190 1220 4240 locum
1273 4189 1461 4253 probat
1541 4186 1680 4239 darn.

397 4273 576 4325 multis
620 4270 906 4337 validisque
950 4265 1237 4320 rationibus
1276 4272 1464 4319 contra
1603 4271 1630 4298 ⁰
1662 4261 2003 4329 Imperatorum
2027 4257 2383 4326 caseumque]
2422 4260 2597 4328 Impe-
