<?xml version="1.0" encoding="UTF-8"?>
<!DOCTYPE html PUBLIC "-//W3C//DTD XHTML 1.0 Transitional//EN"
    "http://www.w3.org/TR/xhtml1/DTD/xhtml1-transitional.dtd">
<html xmlns="http://www.w3.org/1999/xhtml" xml:lang="en" lang="en">
 <head>
  <title>
</title>
<meta http-equiv="Content-Type" content="text/html;charset=utf-8" />
  <meta name='ocr-system' content='tesseract 3.04.00' />
  <meta name='ocr-capabilities' content='ocr_page ocr_carea ocr_par ocr_line ocrx_word'/>
</head>
<body>
  <div class='ocr_page' id='page_1' title='image "./panegyriciveter05baungoog_0520.png"; bbox 0 0 3084 4959; ppageno 0'>
   <div class='ocr_carea' id='block_1_1' title="bbox 566 331 1961 399">
    <p class='ocr_par' dir='ltr' id='par_1_1' title="bbox 566 331 1961 399">
     <span class='ocr_line' id='line_1_1' title="bbox 566 331 1961 399; baseline -0.001 0"><span class='ocrx_word' id='word_1_1' title='bbox 566 331 741 399; x_wconf 81' lang='lat'>1588</span> <span class='ocrx_word' id='word_1_2' title='bbox 1371 346 1640 396; x_wconf 62' lang='lat' dir='ltr'><strong>uxum</strong></span> <span class='ocrx_word' id='word_1_3' title='bbox 1692 348 1961 397; x_wconf 73' lang='lat' dir='ltr'><strong>rAcA&#39;rr</strong></span> 
     </span>
    </p>
   </div>
   <div class='ocr_carea' id='block_1_2' title="bbox 553 489 2781 2943">
    <p class='ocr_par' dir='ltr' id='par_1_2' title="bbox 560 489 2775 1489">
     <span class='ocr_line' id='line_1_2' title="bbox 567 489 2772 578; baseline 0.001 -17"><span class='ocrx_word' id='word_1_4' title='bbox 567 512 775 560; x_wconf 86' lang='lat' dir='ltr'><strong>mana</strong></span> <span class='ocrx_word' id='word_1_5' title='bbox 803 491 919 557; x_wconf 90' lang='lat' dir='ltr'><strong>diu</strong></span> <span class='ocrx_word' id='word_1_6' title='bbox 954 491 1096 578; x_wconf 89' lang='lat' dir='ltr'><strong>pila</strong></span> <span class='ocrx_word' id='word_1_7' title='bbox 1124 497 1473 558; x_wconf 85' lang='lat' dir='ltr'><strong>cesserunt</strong></span> <span class='ocrx_word' id='word_1_8' title='bbox 1500 491 1673 556; x_wconf 78' lang='lat' dir='ltr'><strong>ferro</strong></span> <span class='ocrx_word' id='word_1_9' title='bbox 1703 489 2206 576; x_wconf 76' lang='lat' dir='ltr'><strong>ergastulorum.</strong></span> <span class='ocrx_word' id='word_1_10' title='bbox 2291 491 2359 558; x_wconf 83' lang='lat'><strong>3.</strong></span> <span class='ocrx_word' id='word_1_11' title='bbox 2403 494 2580 575; x_wconf 80' lang='lat' dir='ltr'><strong>Quis</strong></span> <span class='ocrx_word' id='word_1_12' title='bbox 2624 516 2772 563; x_wconf 83' lang='lat' dir='ltr'><strong>non</strong></span> 
     </span>
     <span class='ocr_line' id='line_1_3' title="bbox 568 597 2775 686; baseline 0.001 -19"><span class='ocrx_word' id='word_1_13' title='bbox 568 601 656 667; x_wconf 86' lang='lat' dir='ltr'><strong>ad</strong></span> <span class='ocrx_word' id='word_1_14' title='bbox 683 601 969 685; x_wconf 89' lang='lat' dir='ltr'><strong>primum</strong></span> <span class='ocrx_word' id='word_1_15' title='bbox 998 600 1157 664; x_wconf 87' lang='lat' dir='ltr'><strong>novi</strong></span> <span class='ocrx_word' id='word_1_16' title='bbox 1183 599 1453 663; x_wconf 88' lang='lat' dir='ltr'><strong>sceleris</strong></span> <span class='ocrx_word' id='word_1_17' title='bbox 1479 597 1779 662; x_wconf 88' lang='lat' dir='ltr'><strong>nuntium</strong></span> <span class='ocrx_word' id='word_1_18' title='bbox 1808 600 1956 664; x_wconf 89' lang='lat' dir='ltr'><strong>risit</strong></span> <span class='ocrx_word' id='word_1_19' title='bbox 1973 600 2003 661; x_wconf 72' lang='grc' dir='ltr'><em>Ἰ</em></span> <span class='ocrx_word' id='word_1_20' title='bbox 2033 619 2187 664; x_wconf 92' lang='lat' dir='ltr'><strong>nam</strong></span> <span class='ocrx_word' id='word_1_21' title='bbox 2211 619 2320 665; x_wconf 86' lang='lat' dir='ltr'><strong>res</strong></span> <span class='ocrx_word' id='word_1_22' title='bbox 2348 601 2522 666; x_wconf 85' lang='lat' dir='ltr'><strong>infra</strong></span> <span class='ocrx_word' id='word_1_23' title='bbox 2546 604 2775 686; x_wconf 78' lang='lat' dir='ltr'><strong>digni·</strong></span> 
     </span>
     <span class='ocr_line' id='line_1_4' title="bbox 566 691 2772 786; baseline 0.001 -18"><span class='ocrx_word' id='word_1_24' title='bbox 566 709 779 768; x_wconf 85' lang='lat' dir='ltr'><strong>tatem</strong></span> <span class='ocrx_word' id='word_1_25' title='bbox 829 701 1191 767; x_wconf 62' lang='lat' dir='ltr'><strong>iracundiae</strong></span> <span class='ocrx_word' id='word_1_26' title='bbox 1235 691 1631 778; x_wconf 72' lang='lat' dir='ltr'><strong>videbatur,&#39;</strong></span> <span class='ocrx_word' id='word_1_27' title='bbox 1654 720 1806 766; x_wconf 90' lang='lat' dir='ltr'><strong>cum</strong></span> <span class='ocrx_word' id='word_1_28' title='bbox 1838 704 2043 786; x_wconf 89' lang='lat' dir='ltr'><strong>pauci</strong></span> <span class='ocrx_word' id='word_1_29' title='bbox 2087 702 2414 783; x_wconf 79' lang='lat' dir='ltr'><strong>homineS,</strong></span> <span class='ocrx_word' id='word_1_30' title='bbox 2463 714 2533 770; x_wconf 86' lang='lat' dir='ltr'><strong>et</strong></span> <span class='ocrx_word' id='word_1_31' title='bbox 2575 711 2772 771; x_wconf 85' lang='lat' dir='ltr'><strong>insu-</strong></span> 
     </span>
     <span class='ocr_line' id='line_1_5' title="bbox 564 804 2769 889; baseline 0.001 -17"><span class='ocrx_word' id='word_1_32' title='bbox 564 807 702 872; x_wconf 90' lang='lat' dir='ltr'><strong>lani</strong></span> <span class='ocrx_word' id='word_1_33' title='bbox 731 806 944 871; x_wconf 83' lang='lat' dir='ltr'><strong>totius</strong></span> <span class='ocrx_word' id='word_1_34' title='bbox 967 804 1349 871; x_wconf 83' lang='lat' dir='ltr'><strong>incendium</strong></span> <span class='ocrx_word' id='word_1_35' title='bbox 1375 804 1777 870; x_wconf 80' lang='lat' dir='ltr'><strong>continentis</strong></span> <span class='ocrx_word' id='word_1_36' title='bbox 1806 805 2172 881; x_wconf 81' lang='lat' dir='ltr'><strong>adolerent,</strong></span> <span class='ocrx_word' id='word_1_37' title='bbox 2195 811 2266 871; x_wconf 78' lang='lat' dir='ltr'><strong>et</strong></span> <span class='ocrx_word' id='word_1_38' title='bbox 2291 807 2497 889; x_wconf 82' lang='lat' dir='ltr'><strong>regali</strong></span> <span class='ocrx_word' id='word_1_39' title='bbox 2525 807 2769 874; x_wconf 76' lang='lat' dir='ltr'><strong>habitu</strong></span> 
     </span>
     <span class='ocr_line' id='line_1_6' title="bbox 564 904 2767 996; baseline 0.001 -21"><span class='ocrx_word' id='word_1_40' title='bbox 564 909 830 975; x_wconf 84' lang='lat' dir='ltr'><strong>ex&#39;ulem</strong></span> <span class='ocrx_word' id='word_1_41' title='bbox 863 904 1093 973; x_wconf 73' lang='lat' dir='ltr'><strong>suurni</strong></span> <span class='ocrx_word' id='word_1_42' title='bbox 1139 908 1238 973; x_wconf 88' lang='lat' dir='ltr'><strong>illi</strong></span> <span class='ocrx_word' id='word_1_43' title='bbox 1266 909 1501 974; x_wconf 83' lang='lat' dir='ltr'><strong>exules</strong></span> <span class='ocrx_word' id='word_1_44' title='bbox 1532 905 1745 973; x_wconf 76' lang='lat' dir='ltr'><strong>orbisj</strong></span> <span class='ocrx_word' id='word_1_45' title='bbox 1779 909 2151 974; x_wconf 82' lang='lat' dir='ltr'><strong>induerent.</strong></span> <span class='ocrx_word' id='word_1_46' title='bbox 2236 910 2304 974; x_wconf 84' lang='lat'><strong>4.</strong></span> <span class='ocrx_word' id='word_1_47' title='bbox 2349 910 2452 975; x_wconf 83' lang='lat' dir='ltr'><strong>At</strong></span> <span class='ocrx_word' id='word_1_48' title='bbox 2472 918 2767 996; x_wconf 87' lang='lat' dir='ltr'><strong>quantos</strong></span> 
     </span>
     <span class='ocr_line' id='line_1_7' title="bbox 563 1010 2768 1097; baseline 0.001 -21"><span class='ocrx_word' id='word_1_49' title='bbox 563 1011 976 1097; x_wconf 79' lang='lat' dir='ltr'><strong>parturiebat</strong></span> <span class='ocrx_word' id='word_1_50' title='bbox 1035 1010 1336 1075; x_wconf 84' lang='lat' dir='ltr'><strong>Fortuna</strong></span> <span class='ocrx_word' id='word_1_51' title='bbox 1395 1018 1641 1090; x_wconf 73' lang='lat' dir='ltr'><strong>mutua,</strong></span> <span class='ocrx_word' id='word_1_52' title='bbox 1693 1018 2015 1094; x_wconf 88' lang='lat' dir='ltr'><strong>quantum</strong></span> <span class='ocrx_word' id='word_1_53' title='bbox 2069 1011 2467 1095; x_wconf 77' lang='lat' dir='ltr'><strong>reipublicae</strong></span> <span class='ocrx_word' id='word_1_54' title='bbox 2514 1014 2768 1078; x_wconf 86' lang='lat' dir='ltr'><strong>malum</strong></span> 
     </span>
     <span class='ocr_line' id='line_1_8' title="bbox 565 1113 2765 1199; baseline 0.001 -20"><span class='ocrx_word' id='word_1_55' title='bbox 565 1115 780 1199; x_wconf 87' lang='lat' dir='ltr'><strong>pestis</strong></span> <span class='ocrx_word' id='word_1_56' title='bbox 811 1113 1137 1197; x_wconf 86' lang='lat' dir='ltr'><strong>augenda,</strong></span> <span class='ocrx_word' id='word_1_57' title='bbox 1185 1117 1508 1197; x_wconf 77' lang='lat' dir='ltr'><strong>quantam‘</strong></span> <span class='ocrx_word' id='word_1_58' title='bbox 1534 1113 1661 1178; x_wconf 82' lang='lat' dir='ltr'><strong>tibi</strong></span> <span class='ocrx_word' id='word_1_59' title='bbox 1706 1113 1983 1196; x_wconf 77' lang='lat' dir='ltr'><strong>gloriam</strong></span> <span class='ocrx_word' id='word_1_60' title='bbox 2015 1114 2488 1198; x_wconf 84' lang='lat' dir='ltr'><strong>restinguenda</strong></span> <span class='ocrx_word' id='word_1_61' title='bbox 2534 1134 2765 1182; x_wconf 82' lang='lat' dir='ltr'><strong>serva-</strong></span> 
     </span>
     <span class='ocr_line' id='line_1_9' title="bbox 562 1213 2767 1302; baseline 0 -20"><span class='ocrx_word' id='word_1_62' title='bbox 562 1217 732 1282; x_wconf 69' lang='lat' dir='ltr'><strong>bat?</strong></span> <span class='ocrx_word' id='word_1_63' title='bbox 778 1218 1122 1302; x_wconf 78' lang='lat' dir='ltr'><strong>praecipue</strong></span> <span class='ocrx_word' id='word_1_64' title='bbox 1154 1214 1622 1300; x_wconf 83' lang='lat' dir='ltr'><strong>cum-perfidia</strong></span> <span class='ocrx_word' id='word_1_65' title='bbox 1653 1213 1948 1294; x_wconf 56' lang='lat' dir='ltr'><strong>ducum}</strong></span> <span class='ocrx_word' id='word_1_66' title='bbox 1992 1216 2359 1283; x_wconf 82' lang='lat' dir='ltr'><strong>defectione</strong></span> <span class='ocrx_word' id='word_1_67' title='bbox 2399 1219 2767 1302; x_wconf 84' lang='lat' dir='ltr'><strong>legionum,</strong></span> 
     </span>
     <span class='ocr_line' id='line_1_10' title="bbox 564 1319 2767 1407; baseline 0.001 -21"><span class='ocrx_word' id='word_1_68' title='bbox 564 1328 801 1386; x_wconf 89' lang='lat' dir='ltr'><strong>contra</strong></span> <span class='ocrx_word' id='word_1_69' title='bbox 829 1320 1311 1405; x_wconf 82' lang='lat' dir='ltr'><strong>rempublicam</strong></span> <span class='ocrx_word' id='word_1_70' title='bbox 1340 1319 1516 1385; x_wconf 88' lang='lat' dir='ltr'><strong>foret</strong></span> <span class='ocrx_word' id='word_1_71' title='bbox 1543 1339 1831 1398; x_wconf 80' lang='lat' dir='ltr'><strong>versum,</strong></span> <span class='ocrx_word' id='word_1_72' title='bbox 1879 1320 2203 1406; x_wconf 89' lang='lat' dir='ltr'><strong>quicquid</strong></span> <span class='ocrx_word' id='word_1_73' title='bbox 2247 1340 2370 1406; x_wconf 90' lang='lat' dir='ltr'><strong>pro</strong></span> <span class='ocrx_word' id='word_1_74' title='bbox 2406 1323 2767 1407; x_wconf 83' lang='lat' dir='ltr'><strong>republica.</strong></span> 
     </span>
     <span class='ocr_line' id='line_1_11' title="bbox 560 1420 2249 1489; baseline 0.001 -2"><span class='ocrx_word' id='word_1_75' title='bbox 560 1420 781 1489; x_wconf 84' lang='lat' dir='ltr'><strong>fuerat</strong></span> <span class='ocrx_word' id='word_1_76' title='bbox 808 1423 1157 1488; x_wconf 85' lang='lat' dir='ltr'><strong>armatum.</strong></span> <span class='ocrx_word' id='word_1_77' title='bbox 2246 1427 2249 1432; x_wconf 76' lang='grc'><strong>’</strong></span> 
     </span>
    </p>

    <p class='ocr_par' dir='ltr' id='par_1_3' title="bbox 553 1523 2781 2943">
     <span class='ocr_line' id='line_1_12' title="bbox 651 1523 2781 1614; baseline 0.001 -23"><span class='ocrx_word' id='word_1_78' title='bbox 651 1524 830 1591; x_wconf 80' lang='grc' dir='ltr'><strong>ΟΑΡ.</strong></span> <span class='ocrx_word' id='word_1_79' title='bbox 868 1542 1097 1590; x_wconf 76' lang='grc' dir='ltr'><strong>ΧΧιν.</strong></span> <span class='ocrx_word' id='word_1_80' title='bbox 1184 1525 1250 1591; x_wconf 91' lang='lat'><strong>1.</strong></span> <span class='ocrx_word' id='word_1_81' title='bbox 1297 1523 1482 1590; x_wconf 91' lang='lat' dir='ltr'><strong>Nolo</strong></span> <span class='ocrx_word' id='word_1_82' title='bbox 1535 1532 1762 1591; x_wconf 87' lang='lat' dir='ltr'><strong>tamen</strong></span> <span class='ocrx_word' id='word_1_83' title='bbox 1811 1545 2307 1614; x_wconf 84' lang='lat' dir='ltr'><strong>usquequaque</strong></span> <span class='ocrx_word' id='word_1_84' title='bbox 2366 1527 2781 1595; x_wconf 85' lang='lat' dir='ltr'><strong>miserorum·</strong></span> 
     </span>
     <span class='ocr_line' id='line_1_13' title="bbox 559 1614 2760 1715; baseline 0.002 -21"><span class='ocrx_word' id='word_1_85' title='bbox 559 1629 672 1694; x_wconf 80' lang='lat' dir='ltr'><strong>vel</strong></span> <span class='ocrx_word' id='word_1_86' title='bbox 701 1629 949 1694; x_wconf 87' lang='lat' dir='ltr'><strong>factum</strong></span> <span class='ocrx_word' id='word_1_87' title='bbox 982 1614 1311 1707; x_wconf 64' lang='lat' dir='ltr'><strong>onerare:</strong></span> <span class='ocrx_word' id='word_1_88' title='bbox 1356 1629 1468 1693; x_wconf 83' lang='lat' dir='ltr'><strong>vel</strong></span> <span class='ocrx_word' id='word_1_89' title='bbox 1496 1629 1743 1707; x_wconf 71' lang='lat' dir='ltr'><strong>fatum,</strong></span> <span class='ocrx_word' id='word_1_90' title='bbox 1769 1630 1887 1711; x_wconf 89' lang='lat' dir='ltr'><strong>qui</strong></span> <span class='ocrx_word' id='word_1_91' title='bbox 1919 1629 2071 1694; x_wconf 90' lang='lat' dir='ltr'><strong>dum</strong></span> <span class='ocrx_word' id='word_1_92' title='bbox 2106 1629 2405 1696; x_wconf 82' lang='lat' dir='ltr'><strong>carnifici</strong></span> <span class='ocrx_word' id='word_1_93' title='bbox 2427 1649 2760 1715; x_wconf 85' lang='lat' dir='ltr'><strong>purpura·</strong></span> 
     </span>
     <span class='ocr_line' id='line_1_14' title="bbox 560 1730 2758 1817; baseline 0.001 -19"><span class='ocrx_word' id='word_1_94' title='bbox 560 1736 656 1811; x_wconf 85' lang='lat' dir='ltr'><strong>to,</strong></span> <span class='ocrx_word' id='word_1_95' title='bbox 688 1739 802 1796; x_wconf 88' lang='lat' dir='ltr'><strong>tua</strong></span> <span class='ocrx_word' id='word_1_96' title='bbox 828 1752 904 1797; x_wconf 89' lang='lat' dir='ltr'><strong>se</strong></span> <span class='ocrx_word' id='word_1_97' title='bbox 931 1742 1001 1797; x_wconf 89' lang='lat' dir='ltr'><strong>et</strong></span> <span class='ocrx_word' id='word_1_98' title='bbox 1031 1730 1355 1796; x_wconf 82' lang='lat' dir='ltr'><strong>affinitate</strong></span> <span class='ocrx_word' id='word_1_99' title='bbox 1383 1738 1455 1796; x_wconf 88' lang='lat' dir='ltr'><strong>et</strong></span> <span class='ocrx_word' id='word_1_100' title='bbox 1481 1731 1713 1797; x_wconf 82' lang='lat' dir='ltr'><strong>favore</strong></span> <span class='ocrx_word' id='word_1_101' title='bbox 1734 1731 2054 1817; x_wconf 85' lang='lat' dir='ltr'><strong>jactanti,</strong></span> <span class='ocrx_word' id='word_1_102' title='bbox 2085 1732 2437 1799; x_wconf 78' lang='lat' dir='ltr'><strong>infeliciter</strong></span> <span class='ocrx_word' id='word_1_103' title='bbox 2463 1733 2758 1815; x_wconf 85' lang='lat' dir='ltr'><strong>credunt,</strong></span> 
     </span>
     <span class='ocr_line' id='line_1_15' title="bbox 561 1834 2757 1917; baseline 0 -18"><span class='ocrx_word' id='word_1_104' title='bbox 561 1835 1032 1917; x_wconf 75' lang='lat' dir='ltr'><strong>gravissimum</strong></span> <span class='ocrx_word' id='word_1_105' title='bbox 1064 1835 1361 1900; x_wconf 89' lang='lat' dir='ltr'><strong>omnium</strong></span> <span class='ocrx_word' id='word_1_106' title='bbox 1407 1834 1602 1900; x_wconf 86' lang='lat' dir='ltr'><strong>nefas</strong></span> <span class='ocrx_word' id='word_1_107' title='bbox 1647 1836 1947 1902; x_wconf 88' lang='lat' dir='ltr'><strong>fecerunt</strong></span> <span class='ocrx_word' id='word_1_108' title='bbox 1995 1837 2237 1902; x_wconf 88' lang='lat' dir='ltr'><strong>affectu</strong></span> <span class='ocrx_word' id='word_1_109' title='bbox 2281 1836 2757 1902; x_wconf 89' lang='lat' dir='ltr'><strong>innocentium.</strong></span> 
     </span>
     <span class='ocr_line' id='line_1_16' title="bbox 561 1936 2756 2024; baseline 0.001 -22"><span class='ocrx_word' id='word_1_110' title='bbox 561 1936 626 2002; x_wconf 82' lang='lat'><strong>2.</strong></span> <span class='ocrx_word' id='word_1_111' title='bbox 670 1936 1009 2022; x_wconf 85' lang='lat' dir='ltr'><strong>Intelligo,</strong></span> <span class='ocrx_word' id='word_1_112' title='bbox 1042 1958 1241 2022; x_wconf 90' lang='lat' dir='ltr'><strong>quam</strong></span> <span class='ocrx_word' id='word_1_113' title='bbox 1273 1937 1611 2003; x_wconf 89' lang='lat' dir='ltr'><strong>difficilem</strong></span> <span class='ocrx_word' id='word_1_114' title='bbox 1655 1939 1722 2002; x_wconf 89' lang='lat' dir='ltr'><strong>in</strong></span> <span class='ocrx_word' id='word_1_115' title='bbox 1775 1940 1992 2005; x_wconf 91' lang='lat' dir='ltr'><strong>locum</strong></span> <span class='ocrx_word' id='word_1_116' title='bbox 2031 1938 2597 2024; x_wconf 84' lang='lat' dir='ltr'><strong>scopulosumque</strong></span> <span class='ocrx_word' id='word_1_117' title='bbox 2637 1939 2756 2005; x_wconf 88' lang='lat' dir='ltr'><strong>de-</strong></span> 
     </span>
     <span class='ocr_line' id='line_1_17' title="bbox 561 2039 2756 2125; baseline 0.001 -18"><span class='ocrx_word' id='word_1_118' title='bbox 561 2042 894 2107; x_wconf 82' lang='lat' dir='ltr'><strong>venerim:</strong></span> <span class='ocrx_word' id='word_1_119' title='bbox 924 2062 1076 2108; x_wconf 91' lang='lat' dir='ltr'><strong>nam</strong></span> <span class='ocrx_word' id='word_1_120' title='bbox 1095 2061 1246 2106; x_wconf 91' lang='lat' dir='ltr'><strong>cum</strong></span> <span class='ocrx_word' id='word_1_121' title='bbox 1266 2041 1524 2107; x_wconf 89' lang='lat' dir='ltr'><strong>revolvi</strong></span> <span class='ocrx_word' id='word_1_122' title='bbox 1539 2042 1563 2080; x_wconf 75' lang='lat'><strong><em>⁶</em></strong></span> <span class='ocrx_word' id='word_1_123' title='bbox 1592 2042 1661 2106; x_wconf 88' lang='lat' dir='ltr'><strong>id</strong></span> <span class='ocrx_word' id='word_1_124' title='bbox 1684 2042 1964 2108; x_wconf 86' lang='lat' dir='ltr'><strong>lustrale</strong></span> <span class='ocrx_word' id='word_1_125' title='bbox 1984 2042 2320 2125; x_wconf 87' lang='lat' dir='ltr'><strong>justitium</strong></span> <span class='ocrx_word' id='word_1_126' title='bbox 2340 2039 2357 2078; x_wconf 85' lang='lat'>¹</span> <span class='ocrx_word' id='word_1_127' title='bbox 2387 2062 2585 2108; x_wconf 87' lang='lat' dir='ltr'><strong>aures</strong></span> <span class='ocrx_word' id='word_1_128' title='bbox 2612 2051 2756 2110; x_wconf 79' lang='lat' dir='ltr'><strong>tuae</strong></span> 
     </span>
     <span class='ocr_line' id='line_1_18' title="bbox 557 2144 2758 2230; baseline 0.001 -22"><span class='ocrx_word' id='word_1_129' title='bbox 557 2151 900 2229; x_wconf 88' lang='lat' dir='ltr'><strong>respuant,</strong></span> <span class='ocrx_word' id='word_1_130' title='bbox 931 2144 1164 2211; x_wconf 89' lang='lat' dir='ltr'><strong>laudes</strong></span> <span class='ocrx_word' id='word_1_131' title='bbox 1192 2149 1464 2229; x_wconf 83' lang='lat' dir='ltr'><strong>petant3</strong></span> <span class='ocrx_word' id='word_1_132' title='bbox 1508 2144 1873 2230; x_wconf 79' lang='lat' dir='ltr'><strong>gloriaeque</strong></span> <span class='ocrx_word' id='word_1_133' title='bbox 1898 2146 2180 2225; x_wconf 88' lang='lat' dir='ltr'><strong>intersit,</strong></span> <span class='ocrx_word' id='word_1_134' title='bbox 2211 2146 2296 2210; x_wconf 90' lang='lat' dir='ltr'><strong>ad</strong></span> <span class='ocrx_word' id='word_1_135' title='bbox 2320 2146 2758 2229; x_wconf 83' lang='lat' dir='ltr'><strong>praesentium</strong></span> 
     </span>
     <span class='ocr_line' id='line_1_19' title="bbox 559 2247 2760 2332; baseline 0 -20"><span class='ocrx_word' id='word_1_136' title='bbox 559 2247 1213 2313; x_wconf 86' lang='lat' dir='ltr'><strong>commendationem</strong></span> <span class='ocrx_word' id='word_1_137' title='bbox 1262 2248 1588 2312; x_wconf 87' lang='lat' dir='ltr'><strong>bonorum</strong></span> <span class='ocrx_word' id='word_1_138' title='bbox 1635 2250 1816 2312; x_wconf 89' lang='lat' dir='ltr'><strong>mala</strong></span> <span class='ocrx_word' id='word_1_139' title='bbox 1844 2248 2136 2313; x_wconf 91' lang='lat' dir='ltr'><strong>decursa</strong></span> <span class='ocrx_word' id='word_1_140' title='bbox 2161 2248 2479 2332; x_wconf 83' lang='lat' dir='ltr'><strong>reputari,</strong></span> <span class='ocrx_word' id='word_1_141' title='bbox 2522 2255 2760 2314; x_wconf 84' lang='lat' dir='ltr'><strong>contra</strong></span> 
     </span>
     <span class='ocr_line' id='line_1_20' title="bbox 559 2349 2761 2431; baseline 0.001 -18"><span class='ocrx_word' id='word_1_142' title='bbox 559 2368 720 2414; x_wconf 84' lang='lat' dir='ltr'><strong>vero</strong></span> <span class='ocrx_word' id='word_1_143' title='bbox 766 2350 1118 2415; x_wconf 89' lang='lat' dir='ltr'><strong>clementia</strong></span> <span class='ocrx_word' id='word_1_144' title='bbox 1166 2368 1421 2414; x_wconf 86' lang='lat' dir='ltr'><strong>summa</strong></span> <span class='ocrx_word' id='word_1_145' title='bbox 1481 2349 1877 2415; x_wconf 86' lang='lat' dir='ltr'><strong>beneficium</strong></span> <span class='ocrx_word' id='word_1_146' title='bbox 1939 2370 2132 2415; x_wconf 90' lang='lat' dir='ltr'><strong>suum</strong></span> <span class='ocrx_word' id='word_1_147' title='bbox 2189 2350 2377 2414; x_wconf 89' lang='lat' dir='ltr'><strong>malit</strong></span> <span class='ocrx_word' id='word_1_148' title='bbox 2432 2350 2761 2431; x_wconf 87' lang='lat' dir='ltr'><strong>imminui,</strong></span> 
     </span>
     <span class='ocr_line' id='line_1_21' title="bbox 557 2452 2760 2537; baseline 0 -20"><span class='ocrx_word' id='word_1_149' title='bbox 557 2471 757 2537; x_wconf 89' lang='lat' dir='ltr'><strong>quam</strong></span> <span class='ocrx_word' id='word_1_150' title='bbox 781 2452 1066 2517; x_wconf 87' lang='lat' dir='ltr'><strong>tristium</strong></span> <span class='ocrx_word' id='word_1_151' title='bbox 1094 2453 1587 2518; x_wconf 87' lang='lat' dir='ltr'><strong>enumeratione</strong></span> <span class='ocrx_word' id='word_1_152' title='bbox 1615 2454 1936 2519; x_wconf 87' lang='lat' dir='ltr'><strong>cumulari</strong></span> <span class='ocrx_word' id='word_1_153' title='bbox 1959 2475 1978 2536; x_wconf 82' lang='lat'><em>3</em></span> <span class='ocrx_word' id='word_1_154' title='bbox 2000 2466 2023 2493; x_wconf 79' lang='lat'><strong><em>⁶</em></strong></span> <span class='ocrx_word' id='word_1_155' title='bbox 2051 2472 2333 2518; x_wconf 88' lang='lat' dir='ltr'><strong>necesse</strong></span> <span class='ocrx_word' id='word_1_156' title='bbox 2362 2453 2483 2518; x_wconf 88' lang='lat' dir='ltr'><strong>erit</strong></span> <span class='ocrx_word' id='word_1_157' title='bbox 2509 2472 2615 2518; x_wconf 88' lang='lat' dir='ltr'><strong>me</strong></span> <span class='ocrx_word' id='word_1_158' title='bbox 2641 2454 2760 2520; x_wconf 85' lang='lat' dir='ltr'><strong>vel</strong></span> 
     </span>
     <span class='ocr_line' id='line_1_22' title="bbox 556 2555 2760 2641; baseline 0 -20"><span class='ocrx_word' id='word_1_159' title='bbox 556 2560 880 2621; x_wconf 86' lang='lat' dir='ltr'><strong>tacentem</strong></span> <span class='ocrx_word' id='word_1_160' title='bbox 928 2555 1209 2640; x_wconf 84' lang='lat' dir='ltr'><strong>publica</strong></span> <span class='ocrx_word' id='word_1_161' title='bbox 1245 2555 1690 2634; x_wconf 88' lang='lat' dir='ltr'><strong>incommoda,</strong></span> <span class='ocrx_word' id='word_1_162' title='bbox 1721 2555 1830 2621; x_wconf 85' lang='lat' dir='ltr'><strong>vel</strong></span> <span class='ocrx_word' id='word_1_163' title='bbox 1858 2556 2255 2641; x_wconf 89' lang='lat' dir='ltr'><strong>loquentem,</strong></span> <span class='ocrx_word' id='word_1_164' title='bbox 2284 2560 2398 2621; x_wconf 90' lang='lat' dir='ltr'><strong>aut</strong></span> <span class='ocrx_word' id='word_1_165' title='bbox 2424 2556 2760 2640; x_wconf 85' lang='lat' dir='ltr'><strong>ingratum</strong></span> 
     </span>
     <span class='ocr_line' id='line_1_23' title="bbox 557 2658 2760 2742; baseline 0 -18"><span class='ocrx_word' id='word_1_166' title='bbox 557 2658 814 2733; x_wconf 84' lang='lat' dir='ltr'><strong>virtuti,</strong></span> <span class='ocrx_word' id='word_1_167' title='bbox 839 2664 955 2725; x_wconf 86' lang='lat' dir='ltr'><strong>aut</strong></span> <span class='ocrx_word' id='word_1_168' title='bbox 981 2677 1335 2723; x_wconf 88' lang='lat' dir='ltr'><strong>onerosum</strong></span> <span class='ocrx_word' id='word_1_169' title='bbox 1366 2677 1521 2723; x_wconf 85' lang='lat' dir='ltr'><strong>esse</strong></span> <span class='ocrx_word' id='word_1_170' title='bbox 1544 2658 1798 2742; x_wconf 87' lang='lat' dir='ltr'><strong>pietati.</strong></span> <span class='ocrx_word' id='word_1_171' title='bbox 1885 2660 1949 2724; x_wconf 87' lang='grc'><strong>3.</strong></span> <span class='ocrx_word' id='word_1_172' title='bbox 1995 2658 2124 2723; x_wconf 89' lang='lat' dir='ltr'><strong>Sed</strong></span> <span class='ocrx_word' id='word_1_173' title='bbox 2158 2667 2406 2738; x_wconf 88' lang='lat' dir='ltr'><strong>tamen,</strong></span> <span class='ocrx_word' id='word_1_174' title='bbox 2452 2658 2760 2742; x_wconf 86' lang='lat' dir='ltr'><strong>Impera-</strong></span> 
     </span>
     <span class='ocr_line' id='line_1_24' title="bbox 553 2760 2758 2846; baseline 0 -19"><span class='ocrx_word' id='word_1_175' title='bbox 553 2768 688 2839; x_wconf 84' lang='lat' dir='ltr'><strong>tor,</strong></span> <span class='ocrx_word' id='word_1_176' title='bbox 739 2761 1056 2846; x_wconf 84' lang='lat' dir='ltr'><strong>exiguam</strong></span> <span class='ocrx_word' id='word_1_177' title='bbox 1107 2760 1421 2825; x_wconf 85' lang='lat' dir='ltr'><strong>sensibus</strong></span> <span class='ocrx_word' id='word_1_178' title='bbox 1470 2762 1605 2826; x_wconf 89' lang='lat' dir='ltr'><strong>tuis</strong></span> <span class='ocrx_word' id='word_1_179' title='bbox 1655 2760 1924 2845; x_wconf 85' lang='lat' dir='ltr'><strong>injunge</strong></span> <span class='ocrx_word' id='word_1_180' title='bbox 1977 2762 2409 2845; x_wconf 80' lang='lat' dir='ltr'><strong>patientiam:</strong></span> <span class='ocrx_word' id='word_1_181' title='bbox 2477 2781 2632 2826; x_wconf 88' lang='lat' dir='ltr'><strong>nam</strong></span> <span class='ocrx_word' id='word_1_182' title='bbox 2687 2763 2758 2828; x_wconf 84' lang='lat' dir='ltr'><strong>si</strong></span> 
     </span>
     <span class='ocr_line' id='line_1_25' title="bbox 555 2858 2758 2943; baseline 0.001 -16"><span class='ocrx_word' id='word_1_183' title='bbox 555 2862 776 2929; x_wconf 89' lang='lat' dir='ltr'><strong>dulcis</strong></span> <span class='ocrx_word' id='word_1_184' title='bbox 826 2863 897 2928; x_wconf 87' lang='lat' dir='ltr'><strong>in</strong></span> <span class='ocrx_word' id='word_1_185' title='bbox 935 2863 1130 2929; x_wconf 87' lang='lat' dir='ltr'><strong>bonis</strong></span> <span class='ocrx_word' id='word_1_186' title='bbox 1180 2862 1594 2928; x_wconf 83' lang='lat' dir='ltr'><strong>miseriarum</strong></span> <span class='ocrx_word' id='word_1_187' title='bbox 1637 2858 2011 2929; x_wconf 85' lang='lat' dir='ltr'><strong>recordatio</strong></span> <span class='ocrx_word' id='word_1_188' title='bbox 2042 2870 2171 2943; x_wconf 88' lang='lat' dir='ltr'><strong>est,</strong></span> <span class='ocrx_word' id='word_1_189' title='bbox 2221 2865 2284 2928; x_wconf 92' lang='lat' dir='ltr'><strong>si</strong></span> <span class='ocrx_word' id='word_1_190' title='bbox 2312 2869 2552 2929; x_wconf 90' lang='lat' dir='ltr'><strong>nautas</strong></span> <span class='ocrx_word' id='word_1_191' title='bbox 2583 2871 2758 2929; x_wconf 88' lang='lat' dir='ltr'><strong>tem·</strong></span> 
     </span>
    </p>
   </div>
   <div class='ocr_carea' id='block_1_3' title="bbox 613 2996 1954 3126">
    <p class='ocr_par' dir='ltr' id='par_1_4' title="bbox 613 2996 1954 3126">
     <span class='ocr_line' id='line_1_26' title="bbox 613 2996 1544 3060; baseline 0.001 -12"><span class='ocrx_word' id='word_1_192' title='bbox 613 3006 640 3031; x_wconf 83' lang='lat'><em>⁰</em></span> <span class='ocrx_word' id='word_1_193' title='bbox 670 2997 974 3060; x_wconf 66' lang='lat' dir='ltr'><strong>Agmvare.</strong></span> <span class='ocrx_word' id='word_1_194' title='bbox 1102 2996 1126 3031; x_wconf 79' lang='lat'><strong>⁶</strong></span> <span class='ocrx_word' id='word_1_195' title='bbox 1162 2998 1544 3049; x_wconf 72' lang='lat' dir='ltr'><strong>commemorari.</strong></span> 
     </span>
     <span class='ocr_line' id='line_1_27' title="bbox 621 3063 1954 3126; baseline -0.003 -6"><span class='ocrx_word' id='word_1_196' title='bbox 621 3069 644 3097; x_wconf 71' lang='lat'><strong><em>⁶</em></strong></span> <span class='ocrx_word' id='word_1_197' title='bbox 678 3064 834 3119; x_wconf 59' lang='lat' dir='ltr'><strong>Quam</strong></span> <span class='ocrx_word' id='word_1_198' title='bbox 850 3064 1038 3126; x_wconf 70' lang='lat' dir='ltr'><strong>adjecta</strong></span> <span class='ocrx_word' id='word_1_199' title='bbox 1058 3078 1217 3114; x_wconf 74' lang='lat' dir='ltr'><strong>rerum</strong></span> <span class='ocrx_word' id='word_1_200' title='bbox 1238 3064 1453 3114; x_wconf 62' lang='lat' dir='ltr'><strong>trinium</strong></span> <span class='ocrx_word' id='word_1_201' title='bbox 1473 3063 1954 3126; x_wconf 61' lang='lat' dir='ltr'><strong>narrationesoedufi.</strong></span> 
     </span>
    </p>
   </div>
   <div class='ocr_carea' id='block_1_4' title="bbox 1457 3191 1825 3216">
    <p class='ocr_par' dir='ltr' id='par_1_5' title="bbox 1457 3191 1825 3216">
     <span class='ocr_line' id='line_1_28' title="bbox 1457 3191 1825 3216; baseline 0.008 -3"><span class='ocrx_word' id='word_1_202' title='bbox 1457 3191 1825 3216; x_wconf 43' lang='lat' dir='ltr'><strong>“most“</strong></span> 
     </span>
    </p>
   </div>
   <div class='ocr_carea' id='block_1_5' title="bbox 546 3269 2759 3668">
    <p class='ocr_par' dir='ltr' id='par_1_6' title="bbox 546 3269 2759 3471">
     <span class='ocr_line' id='line_1_29' title="bbox 556 3269 2755 3338; baseline 0.001 -15"><span class='ocrx_word' id='word_1_203' title='bbox 556 3269 693 3323; x_wconf 87' lang='lat' dir='ltr'><strong>Edd.</strong></span> <span class='ocrx_word' id='word_1_204' title='bbox 730 3278 865 3332; x_wconf 84' lang='lat' dir='ltr'><strong>vett.</strong></span> <span class='ocrx_word' id='word_1_205' title='bbox 899 3273 1128 3323; x_wconf 65' lang='lat' dir='ltr'><strong>homnem</strong></span> <span class='ocrx_word' id='word_1_206' title='bbox 1153 3274 1300 3338; x_wconf 52' lang='lat' dir='ltr'><strong>fucit,-</strong></span> <span class='ocrx_word' id='word_1_207' title='bbox 1331 3288 1448 3324; x_wconf 80' lang='lat' dir='ltr'><strong>voc.</strong></span> <span class='ocrx_word' id='word_1_208' title='bbox 1476 3274 1709 3325; x_wconf 73' lang='lat' dir='ltr'><strong>hominem</strong></span> <span class='ocrx_word' id='word_1_209' title='bbox 1731 3275 1883 3326; x_wconf 79' lang='lat' dir='ltr'><strong>deest</strong></span> <span class='ocrx_word' id='word_1_210' title='bbox 1914 3276 1968 3326; x_wconf 86' lang='lat' dir='ltr'><strong>in</strong></span> <span class='ocrx_word' id='word_1_211' title='bbox 2000 3273 2154 3326; x_wconf 81' lang='lat' dir='ltr'><strong>codd.</strong></span> <span class='ocrx_word' id='word_1_212' title='bbox 2188 3271 2380 3327; x_wconf 82' lang='lat' dir='ltr'><strong>Scheff.</strong></span> <span class='ocrx_word' id='word_1_213' title='bbox 2409 3272 2755 3327; x_wconf 66' lang='lat' dir='ltr'><strong>Schwarzian.</strong></span> 
     </span>
     <span class='ocr_line' id='line_1_30' title="bbox 557 3336 2759 3406; baseline 0.003 -20"><span class='ocrx_word' id='word_1_214' title='bbox 557 3336 679 3386; x_wconf 75' lang='lat' dir='ltr'><strong>vet.</strong></span> <span class='ocrx_word' id='word_1_215' title='bbox 715 3337 879 3386; x_wconf 85' lang='lat' dir='ltr'><strong>Livin.</strong></span> <span class='ocrx_word' id='word_1_216' title='bbox 913 3349 965 3387; x_wconf 71' lang='lat' dir='ltr'><strong>et</strong></span> <span class='ocrx_word' id='word_1_217' title='bbox 1002 3339 1329 3402; x_wconf 78' lang='lat' dir='ltr'><strong>Guelph.-4</strong></span> <span class='ocrx_word' id='word_1_218' title='bbox 1363 3340 1700 3391; x_wconf 72' lang='lat' dir='ltr'><strong>fortunatum</strong></span> <span class='ocrx_word' id='word_1_219' title='bbox 1734 3342 1904 3391; x_wconf 72' lang='lat' dir='ltr'><strong>Lirin.</strong></span> <span class='ocrx_word' id='word_1_220' title='bbox 1934 3344 2109 3391; x_wconf 70' lang='lat' dir='ltr'><strong>mulum</strong></span> <span class='ocrx_word' id='word_1_221' title='bbox 2140 3342 2261 3406; x_wconf 73' lang='lat' dir='ltr'><strong>petit</strong></span> <span class='ocrx_word' id='word_1_222' title='bbox 2283 3341 2500 3403; x_wconf 73' lang='lat' dir='ltr'><strong>augenda</strong></span> <span class='ocrx_word' id='word_1_223' title='bbox 2523 3340 2759 3405; x_wconf 75' lang='lat' dir='ltr'><strong>Guelph·</strong></span> 
     </span>
     <span class='ocr_line' id='line_1_31' title="bbox 546 3400 2520 3471; baseline 0.002 -20"><span class='ocrx_word' id='word_1_224' title='bbox 546 3400 685 3462; x_wconf 75' lang='lat' dir='ltr'><strong>soret</strong></span> <span class='ocrx_word' id='word_1_225' title='bbox 703 3408 939 3453; x_wconf 74' lang='lat' dir='ltr'><strong>armatum</strong></span> <span class='ocrx_word' id='word_1_226' title='bbox 961 3404 1084 3453; x_wconf 71' lang='lat' dir='ltr'><strong>Vei.</strong></span> <span class='ocrx_word' id='word_1_227' title='bbox 1106 3404 1453 3464; x_wconf 68' lang='lat' dir='ltr'><strong>Lirimsuemt</strong></span> <span class='ocrx_word' id='word_1_228' title='bbox 1474 3420 1664 3455; x_wconf 71' lang='lat' dir='ltr'><strong>versum</strong></span> <span class='ocrx_word' id='word_1_229' title='bbox 1684 3409 1820 3471; x_wconf 86' lang='lat' dir='ltr'><strong>conj.</strong></span> <span class='ocrx_word' id='word_1_230' title='bbox 1843 3407 2000 3458; x_wconf 84' lang='lat' dir='ltr'><strong>Grut.</strong></span> <span class='ocrx_word' id='word_1_231' title='bbox 2065 3407 2199 3457; x_wconf 86' lang='lat' dir='ltr'><strong>Vide</strong></span> <span class='ocrx_word' id='word_1_232' title='bbox 2222 3407 2373 3457; x_wconf 77' lang='lat' dir='ltr'><strong>Nott.</strong></span> <span class='ocrx_word' id='word_1_233' title='bbox 2396 3406 2520 3455; x_wconf 80' lang='lat' dir='ltr'><strong>Var.</strong></span> 
     </span>
    </p>

    <p class='ocr_par' dir='ltr' id='par_1_7' title="bbox 553 3469 2758 3668">
     <span class='ocr_line' id='line_1_32' title="bbox 623 3469 2757 3537; baseline 0 -18"><span class='ocrx_word' id='word_1_234' title='bbox 623 3469 758 3519; x_wconf 66' lang='lat' dir='ltr'><strong>Cu.</strong></span> <span class='ocrx_word' id='word_1_235' title='bbox 783 3482 942 3520; x_wconf 76' lang='lat' dir='ltr'><strong>xxxv.</strong></span> <span class='ocrx_word' id='word_1_236' title='bbox 980 3474 1002 3519; x_wconf 86' lang='lat'>1</span> <span class='ocrx_word' id='word_1_237' title='bbox 1031 3469 1262 3532; x_wconf 83' lang='lat' dir='ltr'><strong>Guelpb.</strong></span> <span class='ocrx_word' id='word_1_238' title='bbox 1283 3476 1337 3518; x_wconf 83' lang='lat' dir='ltr'><strong>et</strong></span> <span class='ocrx_word' id='word_1_239' title='bbox 1360 3469 1483 3520; x_wconf 86' lang='lat' dir='ltr'><strong>edd.</strong></span> <span class='ocrx_word' id='word_1_240' title='bbox 1508 3477 1636 3521; x_wconf 85' lang='lat' dir='ltr'><strong>vett.</strong></span> <span class='ocrx_word' id='word_1_241' title='bbox 1669 3471 1896 3537; x_wconf 75' lang='lat' dir='ltr'><strong>affectum</strong></span> <span class='ocrx_word' id='word_1_242' title='bbox 1913 3473 2293 3522; x_wconf 62' lang='lat' dir='ltr'><strong>nocentium—2</strong></span> <span class='ocrx_word' id='word_1_243' title='bbox 2314 3473 2422 3521; x_wconf 87' lang='lat' dir='ltr'><strong>Pro</strong></span> <span class='ocrx_word' id='word_1_244' title='bbox 2442 3472 2757 3533; x_wconf 67' lang='lat' dir='ltr'><strong>scopulosum-</strong></span> 
     </span>
     <span class='ocr_line' id='line_1_33' title="bbox 553 3532 2758 3602; baseline 0.001 -18"><span class='ocrx_word' id='word_1_245' title='bbox 553 3548 664 3597; x_wconf 69' lang='lat' dir='ltr'><strong>que,</strong></span> <span class='ocrx_word' id='word_1_246' title='bbox 687 3532 891 3584; x_wconf 84' lang='lat' dir='ltr'><strong>Acidal.</strong></span> <span class='ocrx_word' id='word_1_247' title='bbox 913 3534 1058 3584; x_wconf 73' lang='lat' dir='ltr'><strong>malit</strong></span> <span class='ocrx_word' id='word_1_248' title='bbox 1089 3535 1513 3600; x_wconf 48' lang='lat' dir='ltr'><strong>sufficientemque,</strong></span> <span class='ocrx_word' id='word_1_249' title='bbox 1537 3542 1629 3586; x_wconf 81' lang='lat' dir='ltr'><strong>aut</strong></span> <span class='ocrx_word' id='word_1_250' title='bbox 1648 3551 2019 3602; x_wconf 70' lang='lat' dir='ltr'><strong>scruposmqne.</strong></span> <span class='ocrx_word' id='word_1_251' title='bbox 2084 3538 2230 3596; x_wconf 79' lang='lat' dir='ltr'><strong>Mox,</strong></span> <span class='ocrx_word' id='word_1_252' title='bbox 2252 3538 2473 3599; x_wconf 81' lang='lat' dir='ltr'><strong>Guelpb.</strong></span> <span class='ocrx_word' id='word_1_253' title='bbox 2502 3537 2622 3585; x_wconf 71' lang='lat' dir='ltr'><strong>iuna</strong></span> <span class='ocrx_word' id='word_1_254' title='bbox 2652 3537 2758 3586; x_wconf 71' lang='lat' dir='ltr'><strong>nu-</strong></span> 
     </span>
     <span class='ocr_line' id='line_1_34' title="bbox 554 3600 2758 3668; baseline 0.001 -20"><span class='ocrx_word' id='word_1_255' title='bbox 554 3601 696 3650; x_wconf 73' lang='lat' dir='ltr'><strong>trale.</strong></span> <span class='ocrx_word' id='word_1_256' title='bbox 752 3601 920 3651; x_wconf 83' lang='lat' dir='ltr'><strong>Paulo</strong></span> <span class='ocrx_word' id='word_1_257' title='bbox 944 3609 1081 3666; x_wconf 72' lang='lat' dir='ltr'><strong>post,</strong></span> <span class='ocrx_word' id='word_1_258' title='bbox 1099 3600 1215 3652; x_wconf 86' lang='lat' dir='ltr'><strong>cod.</strong></span> <span class='ocrx_word' id='word_1_259' title='bbox 1240 3601 1586 3651; x_wconf 77' lang='lat' dir='ltr'><strong>Schwarzian.</strong></span> <span class='ocrx_word' id='word_1_260' title='bbox 1606 3605 1850 3665; x_wconf 72' lang='lat' dir='ltr'><strong>ingratum</strong></span> <span class='ocrx_word' id='word_1_261' title='bbox 1871 3603 2182 3653; x_wconf 64' lang='lat' dir='ltr'><strong>vericata-³</strong></span> <span class='ocrx_word' id='word_1_262' title='bbox 2206 3602 2433 3668; x_wconf 85' lang='lat' dir='ltr'><strong>Guelph.</strong></span> <span class='ocrx_word' id='word_1_263' title='bbox 2452 3602 2758 3652; x_wconf 62' lang='lat' dir='ltr'><strong>miseriarum</strong></span> 
     </span>
    </p>
   </div>
   <div class='ocr_carea' id='block_1_6' title="bbox 550 3716 2755 3936">
    <p class='ocr_par' dir='ltr' id='par_1_8' title="bbox 550 3716 2755 3936">
     <span class='ocr_line' id='line_1_35' title="bbox 1542 3716 1761 3767; baseline 0 0"><span class='ocrx_word' id='word_1_264' title='bbox 1542 3716 1761 3767; x_wconf 75' lang='lat' dir='ltr'>NOTAE</span> 
     </span>
     <span class='ocr_line' id='line_1_36' title="bbox 618 3803 2755 3876; baseline 0.003 -23"><span class='ocrx_word' id='word_1_265' title='bbox 618 3803 633 3837; x_wconf 79' lang='lat'><strong>¹</strong></span> <span class='ocrx_word' id='word_1_266' title='bbox 653 3803 831 3871; x_wconf 72' lang='lat' dir='ltr'><strong>Suum]</strong></span> <span class='ocrx_word' id='word_1_267' title='bbox 864 3804 1170 3870; x_wconf 78' lang='lat' dir='ltr'><strong>Maximum,</strong></span> <span class='ocrx_word' id='word_1_268' title='bbox 1184 3805 1384 3872; x_wconf 81' lang='lat' dir='ltr'><strong>origine</strong></span> <span class='ocrx_word' id='word_1_269' title='bbox 1399 3806 1609 3857; x_wconf 82' lang='lat' dir='ltr'><strong>Britan·</strong></span> <span class='ocrx_word' id='word_1_270' title='bbox 1689 3806 1790 3866; x_wconf 76' lang='lat' dir='ltr'><strong>dis,</strong></span> <span class='ocrx_word' id='word_1_271' title='bbox 1814 3809 1981 3876; x_wconf 83' lang='lat' dir='ltr'><strong>iuquit</strong></span> <span class='ocrx_word' id='word_1_272' title='bbox 2001 3807 2245 3873; x_wconf 74' lang='lat' dir='ltr'><strong>Vulgari·</strong></span> <span class='ocrx_word' id='word_1_273' title='bbox 2263 3807 2494 3874; x_wconf 69' lang='lat' dir='ltr'><strong>Prosper</strong></span> <span class='ocrx_word' id='word_1_274' title='bbox 2515 3806 2569 3858; x_wconf 88' lang='lat' dir='ltr'><strong>in</strong></span> <span class='ocrx_word' id='word_1_275' title='bbox 2589 3806 2755 3860; x_wconf 82' lang='lat' dir='ltr'><strong>Chro-</strong></span> 
     </span>
     <span class='ocr_line' id='line_1_37' title="bbox 550 3885 1825 3936; baseline 0.005 -6"><span class='ocrx_word' id='word_1_276' title='bbox 550 3893 690 3931; x_wconf 86' lang='lat' dir='ltr'><strong>num.</strong></span> <span class='ocrx_word' id='word_1_277' title='bbox 1687 3885 1825 3936; x_wconf 87' lang='lat' dir='ltr'><strong>nico.</strong></span> 
     </span>
    </p>
   </div>
   <div class='ocr_carea' id='block_1_7' title="bbox 542 3957 2755 4259">
    <p class='ocr_par' dir='ltr' id='par_1_9' title="bbox 542 3957 2755 4259">
     <span class='ocr_line' id='line_1_38' title="bbox 611 3957 2752 4028; baseline 0.002 -21"><span class='ocrx_word' id='word_1_278' title='bbox 611 3957 629 4000; x_wconf 75' lang='lat' dir='ltr'><strong>i</strong></span> <span class='ocrx_word' id='word_1_279' title='bbox 669 3958 848 4008; x_wconf 55' lang='lat' dir='ltr'><strong>Exulet</strong></span> <span class='ocrx_word' id='word_1_280' title='bbox 880 3957 1031 4022; x_wconf 72' lang='lat' dir='ltr'><strong>orbis]</strong></span> <span class='ocrx_word' id='word_1_281' title='bbox 1063 3964 1080 3989; x_wconf 85' lang='lat'>‘</span> <span class='ocrx_word' id='word_1_282' title='bbox 1101 3959 1237 4009; x_wconf 83' lang='lat' dir='ltr'><strong>Toto</strong></span> <span class='ocrx_word' id='word_1_283' title='bbox 1264 3960 1457 4011; x_wconf 73' lang='lat' dir='ltr'><strong>divisos</strong></span> <span class='ocrx_word' id='word_1_284' title='bbox 1481 3960 1609 4010; x_wconf 82' lang='lat' dir='ltr'><strong>orbe</strong></span> <span class='ocrx_word' id='word_1_285' title='bbox 1754 3959 1769 3995; x_wconf 86' lang='lat'>¹</span> <span class='ocrx_word' id='word_1_286' title='bbox 1794 3960 2297 4025; x_wconf 66' lang='lat' dir='ltr'><strong>memlejmitim]</strong></span> <span class='ocrx_word' id='word_1_287' title='bbox 2329 3961 2752 4028; x_wconf 73' lang='lat' dir='ltr'><strong>Quinquennium</strong></span> 
     </span>
     <span class='ocr_line' id='line_1_39' title="bbox 551 4028 2755 4104; baseline 0.002 -21"><span class='ocrx_word' id='word_1_288' title='bbox 551 4034 865 4093; x_wconf 51' lang='lat' dir='ltr'><strong>Britannos?</strong></span> <span class='ocrx_word' id='word_1_289' title='bbox 896 4037 1082 4101; x_wconf 81' lang='lat' dir='ltr'><strong>Virgil.</strong></span> <span class='ocrx_word' id='word_1_290' title='bbox 1104 4028 1225 4087; x_wconf 81' lang='lat' dir='ltr'><strong>Ecl.</strong></span> <span class='ocrx_word' id='word_1_291' title='bbox 1239 4050 1279 4087; x_wconf 85' lang='lat'><strong>1.</strong></span> <span class='ocrx_word' id='word_1_292' title='bbox 1302 4041 1386 4087; x_wconf 84' lang='grc'><strong>67.</strong></span> <span class='ocrx_word' id='word_1_293' title='bbox 1420 4044 1476 4088; x_wconf 87' lang='lat' dir='ltr'><strong>et</strong></span> <span class='ocrx_word' id='word_1_294' title='bbox 1498 4038 1611 4087; x_wconf 86' lang='lat' dir='ltr'><strong>Ho-</strong></span> <span class='ocrx_word' id='word_1_295' title='bbox 1690 4038 1962 4104; x_wconf 76' lang='lat' dir='ltr'><strong>intelligit,</strong></span> <span class='ocrx_word' id='word_1_296' title='bbox 1985 4053 2085 4104; x_wconf 86' lang='lat' dir='ltr'><strong>quo</strong></span> <span class='ocrx_word' id='word_1_297' title='bbox 2109 4053 2203 4103; x_wconf 81' lang='lat' dir='ltr'><strong>per</strong></span> <span class='ocrx_word' id='word_1_298' title='bbox 2226 4038 2327 4088; x_wconf 80' lang='lat' dir='ltr'><strong>vim</strong></span> <span class='ocrx_word' id='word_1_299' title='bbox 2350 4046 2406 4088; x_wconf 80' lang='lat' dir='ltr'><strong>et</strong></span> <span class='ocrx_word' id='word_1_300' title='bbox 2426 4038 2623 4103; x_wconf 77' lang='lat' dir='ltr'><strong>absque</strong></span> <span class='ocrx_word' id='word_1_301' title='bbox 2645 4038 2755 4089; x_wconf 85' lang='lat' dir='ltr'><strong>ullo</strong></span> 
     </span>
     <span class='ocr_line' id='line_1_40' title="bbox 542 4113 2753 4180; baseline 0.002 -19"><span class='ocrx_word' id='word_1_302' title='bbox 542 4121 652 4163; x_wconf 76' lang='lat' dir='ltr'><strong>rat.</strong></span> <span class='ocrx_word' id='word_1_303' title='bbox 693 4114 798 4164; x_wconf 86' lang='lat' dir='ltr'><strong>Od.</strong></span> <span class='ocrx_word' id='word_1_304' title='bbox 836 4129 876 4166; x_wconf 89' lang='lat'><strong>1.</strong></span> <span class='ocrx_word' id='word_1_305' title='bbox 915 4118 999 4165; x_wconf 73' lang='lat'><strong>³5.</strong></span> <span class='ocrx_word' id='word_1_306' title='bbox 1033 4113 1051 4143; x_wconf 88' lang='lat'>‘</span> <span class='ocrx_word' id='word_1_307' title='bbox 1076 4115 1282 4167; x_wconf 69' lang='lat' dir='ltr'><strong>ultimos</strong></span> <span class='ocrx_word' id='word_1_308' title='bbox 1321 4117 1458 4167; x_wconf 74' lang='lat' dir='ltr'><strong>orbis</strong></span> <span class='ocrx_word' id='word_1_309' title='bbox 1491 4116 1610 4166; x_wconf 85' lang='lat' dir='ltr'><strong>Bri·</strong></span> <span class='ocrx_word' id='word_1_310' title='bbox 1690 4116 1863 4180; x_wconf 69' lang='lat' dir='ltr'><strong>legum</strong></span> <span class='ocrx_word' id='word_1_311' title='bbox 1899 4123 1955 4166; x_wconf 84' lang='lat' dir='ltr'><strong>et</strong></span> <span class='ocrx_word' id='word_1_312' title='bbox 1985 4116 2245 4180; x_wconf 63' lang='lat' dir='ltr'><strong>equitatis</strong></span> <span class='ocrx_word' id='word_1_313' title='bbox 2281 4129 2378 4167; x_wconf 70' lang='lat' dir='ltr'><strong>usu</strong></span> <span class='ocrx_word' id='word_1_314' title='bbox 2423 4114 2753 4179; x_wconf 77' lang='lat' dir='ltr'><strong>tyrannidem</strong></span> 
     </span>
     <span class='ocr_line' id='line_1_41' title="bbox 552 4191 2273 4259; baseline 0.002 -19"><span class='ocrx_word' id='word_1_315' title='bbox 552 4191 775 4241; x_wconf 62' lang='lat' dir='ltr'><strong>munos!</strong></span> <span class='ocrx_word' id='word_1_316' title='bbox 1690 4194 1951 4246; x_wconf 65' lang='lat' dir='ltr'><strong>Maximus</strong></span> <span class='ocrx_word' id='word_1_317' title='bbox 1971 4192 2273 4259; x_wconf 66' lang='lat' dir='ltr'><strong>occupavit.</strong></span> 
     </span>
    </p>
   </div>
   <div class='ocr_carea' id='block_1_8' title="bbox 615 4265 1611 4336">
    <p class='ocr_par' dir='ltr' id='par_1_10' title="bbox 615 4265 1611 4336">
     <span class='ocr_line' id='line_1_42' title="bbox 615 4265 1611 4336; baseline 0.004 -20"><span class='ocrx_word' id='word_1_318' title='bbox 615 4265 642 4302; x_wconf 60' lang='grc' dir='ltr'><strong>ἱ</strong></span> <span class='ocrx_word' id='word_1_319' title='bbox 661 4268 880 4333; x_wconf 60' lang='lat' dir='ltr'><strong>Perfidia</strong></span> <span class='ocrx_word' id='word_1_320' title='bbox 889 4269 1082 4335; x_wconf 72' lang='lat' dir='ltr'><strong>dmm]</strong></span> <span class='ocrx_word' id='word_1_321' title='bbox 1106 4271 1311 4336; x_wconf 86' lang='lat' dir='ltr'><strong>Nempe</strong></span> <span class='ocrx_word' id='word_1_322' title='bbox 1328 4269 1611 4322; x_wconf 78' lang='lat' dir='ltr'><strong>Merobau-</strong></span> 
     </span>
    </p>
   </div>
   <div class='ocr_carea' id='block_1_9' title="bbox 3016 2850 3021 3664">
    <p class='ocr_par' dir='ltr' id='par_1_11' title="bbox 3016 2850 3021 3664">
     <span class='ocr_line' id='line_1_43' title="bbox 3016 2850 3021 3664; baseline 0 0"><span class='ocrx_word' id='word_1_323' title='bbox 3016 2850 3021 3664; x_wconf 95' lang='lat' dir='ltr'><strong> </strong></span> 
     </span>
    </p>
   </div>
   <div class='ocr_carea' id='block_1_10' title="bbox 3015 2850 3021 3895">
    <p class='ocr_par' dir='ltr' id='par_1_12' title="bbox 3015 2850 3021 3895">
     <span class='ocr_line' id='line_1_44' title="bbox 3015 2850 3021 3895; baseline 0 0"><span class='ocrx_word' id='word_1_324' title='bbox 3015 2850 3021 3895; x_wconf 95' lang='lat' dir='ltr'><strong> </strong></span> 
     </span>
    </p>
   </div>
  </div>
 </body>
</html>
