3084 4959
801 343 919 392 ιιι..
966 340 1288 394 vunnu
1337 337 1855 389 consummi
1904 341 2181 392 mmm.
2404 326 2580 395 1309

377 508 608 556 eorum
636 506 830 572 reges
861 487 1047 553 bello
1079 492 1322 572 captos
1351 487 1599 553 belluis
1626 488 1696 553 in
1735 486 2222 573 amphitheatro
2252 487 2580 554 dilanian-

378 591 504 676 dos
533 590 796 675 objicit.
885 590 1082 657 lllico
1131 592 1605 656 Bructerorum
1648 590 1819 657 fines
1853 597 2123 670 vastat,
2173 590 2581 665 Cheruscos,
2683 631 2694 640 -

380 693 795 773 Chabionas‚
827 692 1213 761 Chamavos
1239 694 1481 770 fundit,
1512 713 1596 758 ac
1626 699 1834 759 totam
1876 693 2305 760 Germaniam
2333 692 2583 778 Agrip-

380 796 643 881 pinensi
670 803 876 881 ponte
905 796 1094 862 facto
1125 795 1212 862 ad
1245 795 1508 862 dandos
1553 794 1825 862 obsides
1854 797 2219 881 compellit.
2308 796 2585 862 Interim

384 896 806 964 Constantini
835 898 1128 981 imagine
1162 897 1458 964 Romam
1485 918 1612 981 pre
1651 918 1833 966 more
1873 900 2155 984 perlata,
2187 898 2585 965 Maxentius

385 999 794 1065 Maximiani
824 999 1029 1075 filius,
1062 1019 1148 1064 an
1179 1000 1549 1090 privignae,
1592 1020 1681 1067 an
1725 1022 1950 1082 gener,
1989 1000 2370 1085 indignatus
2399 1002 2585 1085 quod

382 1102 454 1167 in
511 1102 774 1188 imperii
810 1121 1097 1189 ‘quoque
1149 1106 1403 1186 partem
1455 1122 1592 1167 non
1643 1105 1925 1179 veniret,
1977 1123 2097 1188 per
2136 1104 2488 1170 tumultum
2542 1123 2587 1170 a

385 1205 834 1291 praetorianiS,
886 1224 1059 1288 quos
1105 1206 1464 1291 promissis
1505 1215 1909 1290 corruperat,
1938 1204 2291 1291 Augustus
2339 1206 2585 1273 Romae

387 1310 841 1388 acclamatur,
884 1314 950 1373 et
978 1315 1319 1393 occupata
1347 1309 1589 1393 partim
1620 1310 1854 1375 Africa
1884 1330 1967 1376 ac
2010 1311 2257 1395 ubique
2303 1308 2589 1396 dejectis

341 1497 349 1508 ,
388 1430 513 1497 per
557 1409 921 1477 ludibrium
968 1406 1396 1476 Constantini
1447 1412 1719 1488 statuiS,
1764 1414 1947 1480 omni
1992 1415 2319 1538 scelerum
2350 1432 2589 1498 genere

389 1511 749 1598 grassatur.

496 1696 585 1763 A.
610 1696 699 1762 U.
724 1696 804 1763 C.
835 1714 1026 1764 unx.
1117 1698 1366 1767 Christi
1395 1717 1669 1769 ccovu.
1760 1703 2178 1771 Constantini
2207 1703 2386 1788 Imp.
2419 1721 2503 1769 11.

1246 1805 1458 1871 AEtat.
1491 1821 1753 1872 xxxv.

480 1920 933 1988 Constantino
984 1924 1269 2007 primum
1318 1925 1600 1990 consule
1643 1925 1935 1991 Severus
1985 1922 2221 1991 Caesar
2270 1924 2594 1992 adversus

393 2024 820 2091 Maxentium
851 2044 897 2089 a
924 2023 1521 2118 Galeriofmissuffi
1566 2029 1856 2094 militum
1900 2047 2166 2094 suorum
2202 2030 2448 2095 scelere
2480 2029 2597 2094 de-

395 2132 605 2212 sertus
637 2133 766 2204 est,
796 2127 1080 2213 ipseque
1108 2129 1376 2214 fugiens
1420 2150 1557 2196 non
1599 2128 1968 2208 Ravennae,
1996 2137 2077 2197 ut
2116 2132 2321 2197 tradit
2350 2130 2597 2197 Eutro-

394 2221 576 2316 piuS‚
608 2230 728 2294 sed
770 2229 855 2295 ad
886 2237 1019 2295 tres
1066 2233 1410 2312 tabernas,
1450 2237 1525 2297 ut
1564 2229 1803 2298 Victor
1832 2238 1904 2299 et
1931 2232 2257 2300 Valesius
2286 2233 2598 2312 referunt,

393 2332 523 2397 hoc
556 2337 662 2397 est
704 2331 774 2396 in
804 2332 918 2397 via
935 2331 1178 2417 ,Appia
1205 2336 1499 2420 septimo
1531 2336 1619 2400 ab
1651 2336 1817 2400 urbe
1847 2336 2134 2414 milliari,
2169 2354 2211 2400 a
2240 2334 2598 2402 Maxentio

395 2429 808 2501 interficitur.
899 2433 1059 2514 Qua
1105 2455 1177 2501 re
1219 2435 1452 2503 audita
1489 2435 1806 2503 Galerius
1841 2438 2016 2522 Aug.
2046 2438 2281 2504 Severi
2312 2435 2602 2504 Caesaris

397 2538 504 2602 sui
534 2557 766 2602 necem
798 2537 1064 2603 ulturus
1093 2558 1245 2603 cum
1276 2540 1577 2605 exercitu
1628 2559 2006 2618 accurrens,
2040 2561 2123 2606 ac
2170 2561 2441 2606 suorum
2487 2542 2601 2607 de·-

399 2638 757 2705 fectionem
788 2640 1174 2706 subveritus
1205 2661 1329 2725 per
1361 2643 1625 2726 legatos
1672 2642 2011 2708 Licinium
2058 2651 2129 2708 et
2163 2642 2485 2722 Probum,
2527 2649 2605 2708 ut

399 2743 719 2827 precibus
751 2744 1007 2828 potius,
1033 2764 1234 2829 quam
1270 2747 1476 2810 armis
1505 2753 1870 2812 mereretur
1899 2745 2272 2830 imperium,
2317 2744 2610 2811 Maxen-

401 2848 571 2913 tium
621 2849 1005 2915 cohortatus
1047 2851 1382 2934 primum:
1428 2871 1585 2917 cum
1630 2858 2046 2936 pugnaturus
2081 2855 2279 2929 esset,
2307 2859 2605 2916 contem-

399 2955 517 3014 tus
547 2971 815 3036 quoque
838 2960 907 3018 et
933 2971 977 3017 a
1005 2953 1149 3019 suis
1180 2954 1483 3020 desertus
1513 2956 1582 3020 in
1607 2955 1954 3039 Illyricum
1982 2954 2173 3038 fugit,
2205 2955 2319 3020 ubi
2344 2953 2391 3019 J
2395 2954 2606 3018 ulium

404 3052 738 3120 Licinium
774 3056 1001 3121 Dacia
1030 3055 1409 3135 oriundum,
1441 3058 1576 3122 sibi
1614 3066 1891 3143 propter
1934 3058 2287 3144 probatam
2329 3057 2399 3121 in
2445 3055 2608 3128 Per-

406 3157 552 3222 sico
599 3158 779 3223 bello
812 3158 1126 3224 virtutem
1174 3158 1817 3243 conjunctissimum,
1863 3159 2206 3245 Caesarem
2251 3158 2439 3239 facit,
2469 3177 2606 3243 quo

404 3259 475 3324 in
533 3261 842 3336 Sardinia
899 3263 1164 3342 relicto,
1225 3261 1543 3330 Galerius
1602 3264 1953 3330 Sardicam
2008 3242 2391 3347 regreditur·
2493 3261 2609 3329 Ad

404 3369 738 3430 tantorum
797 3370 1107 3431 motuum
1151 3365 1399 3432 famam
1440 3343 1906 3434 Maximianus
1957 3365 2345 3433 Herculeus
2392 3385 2430 3431 e
2478 3386 2608 3431 suo

407 3464 731 3532 Lucaniae
761 3487 1030 3534 secessu
1060 3488 1425 3553 purpuram
1458 3475 1871 3536 resumturus
1917 3468 2207 3535 Romam
2236 3467 2610 3543 advolarat,

409 3566 582 3631 sed
563 3587 622 3631 is
651 3587 920 3651 quoque
961 3574 1029 3633 et
1070 3568 1353 3635 delusus
1385 3590 1429 3635 a
1468 3570 1847 3649 Maxentio,
1894 3577 1962 3637 et
2009 3590 2051 3635 a
2097 3571 2243 3635 suis
2284 3568 2616 3645 desertus,

410 3655 744 3733 Treveros
777 3661 862 3733 ad
895 3643 1409 3736 Constantinum
1455 3673 1521 3735 ei
1565 3672 1928 3737 moliturus
1972 3671 2259 3736 insidias
2301 3671 2524 3736 venit.
2571 3691 2615 3736 a

413 3790 548 3855 quo
579 3738 1074 3854 perhumaniter
1102 3769 1420 3854 acceptus
1451 3769 1949 3854 Maximianus,
1978 3771 2411 3846 dissimulato
2456 3793 2613 3839 con-

388 3873 602 3948 silio,
638 3871 962 3939 Faustam
989 3872 1197 3939 filiam
1229 3874 1296 3939 ei
1324 3866 1397 3938 in
1427 3875 1786 3960 conjugem
1831 3877 1953 3942 dat
1981 3896 2129 3942 cum
2163 3874 2456 3961 Augusti
2495 3898 2615 3943 no-

413 3977 618 4054 mine,
650 3975 833 4060 quod
864 3974 1346 4042 Constantinus
1373 3975 1508 4042 huc
1542 3996 1768 4062 usque
1804 3971 2172 4058 recusarat.
2259 3978 2463 4046 Hanc
2494 3999 2620 4065 pa-

418 4080 546 4144 tria
573 4080 1015 4166 Byzantinam
1047 4080 1264 4147 fuisse
1286 4085 1476 4147 notat
1496 4081 1820 4164 Julianus
1850 4081 2046 4148 Orat.
2079 4098 2131 4149 1.
2191 4083 2303 4149 Ex
2330 4102 2413 4148 ea
2433 4102 2618 4163 vero,

417 4189 559 4248 non
603 4203 691 4250 ex
738 4184 936 4251 tertia
979 4183 1284 4270 conjuge,
1336 4187 1561 4268 (quam
1610 4184 1937 4253 Zosimus·
1976 4184 2277 4272 Eunapii
2332 4186 2620 4253 hominis
