3084 4959
2470 338 2645 412 1329

429 519 640 587 puero
689 500 979 582 galeam‚·
1013 518 1174 564 auro
1219 498 1636 583 gemmisque
1680 498 2079 575 radiantem,
2121 503 2190 563 et
2226 499 2467 582 pennis
2495 499 2647 586 pul-

432 604 612 669 chrae
644 602 824 667 alitis
846 609 872 648 ὅ
903 601 1340 676 eminentem:
1385 610 1464 665 ut
1492 606 1581 679 te,
1600 601 1783 685 quod
1816 601 1936 664 vix
1966 601 2111 665 ulla
2140 606 2430 683 possunt
2457 602 2645 668 habi-

430 712 538 774 tus
583 710 979 771 ornamenta
1023 710 1374 788 praestare,
1404 703 1721 786 sponsale
1768 722 2009 768 munus
2056 703 2269 769 faciat
2308 701 2647 787 pulchrio-

786 353 1246 405 MAxlmANo
1296 353 1390 402 er
1439 351 2006 406 consummo.
2089 356 2188 403 vr.
2232 338 2298 404 6.

334 813 337 818 ’
428 828 590 875 rem.
677 808 744 872 3.
792 807 1205 871 Fortunatus
1249 806 1471 889 pictor
1517 806 1650 883 ille,
1693 806 2002 890 quisquis
2041 805 2191 885 fuit,
2236 813 2306 871 et
2333 807 2648 890 quamvis

427 906 789 992 Apellem¹²
830 909 1056 993 ipsum
1110 904 1717 992 Parrhasiumquei
1763 908 2048 974 scientia
2077 908 2337 986 vicerit,
2370 911 2648 976 materia

428 1017 655 1080 tamen
703 1011 1034 1093 imaginiS,
1065 1030 1268 1096 quam
1314 1016 1479 1089 arte,
1525 1008 1822 1075 felicior!
1909 1013 1978 1076 4.
2024 1009 2429 1095 Quanquam
2472 1013 2649 1078 enim

427 1109 566 1197 ipsi
613 1112 855 1190 ferant,
888 1110 1354 1177 difficillimam
1405 1130 1557 1176 esse
1604 1112 1972 1195 praecipuae
2002 1112 2339 1195 quusque
2368 1110 2643 1178 formaei

428 1214 894 1290 imitationem,
927 1216 1088 1298 quia
1117 1215 1319 1279 certis
1350 1214 1459 1279 sui
1487 1215 1671 1279 notis
1702 1215 1841 1280 cito
1872 1215 2263 1280 deformitas
2306 1216 2648 1298 exprima-

429 1323 557 1394 tur,
588 1316 963 1382 similitudo
1013 1325 1238 1380 tamen
1284 1315 1803 1400 pulchritudinis
1849 1323 1992 1381 tam
2035 1317 2125 1380 sit
2171 1316 2405 1394 ardua,
2439 1335 2648 1399 quam

428 1437 582 1484 rara
605 1427 712 1484 est
737 1418 1200 1501 pulchritudo:
1241 1418 1307 1481 5.
1337 1437 1469 1482 non
1502 1423 1757 1482 tantum
1790 1430 2012 1482 tamen
2040 1417 2151 1482 ille
2181 1419 2368 1501 cepit
2390 1418 2647 1486 laboris

429 1541 518 1585 ex
548 1540 663 1586 ore
695 1526 918 1586 vestro
948 1520 1217 1585 divinas
1249 1521 1516 1603 species
1548 1520 2028 1598 transferendo,
2045 1526 2376 1603 quantum
2408 1521 2649 1604 volup·

427 1624 582 1689 tatis
623 1623 857 1688 hausit
900 1624 1206 1688 cominus
1236 1641 1363 1686 vos
1407 1623 1758 1701 intuendo,
1796 1621 2230 1708 inspiciendo
2262 1623 2549 1701 solicite,
2577 1627 2649 1688 et

427 1727 695 1791 curiose
750 1727 837 1791 ab
895 1725 1232 1790 hilaritate
1290 1725 1476 1790 illius
1537 1726 1769 1791 estatis
1835 1725 2069 1791 vultus
2140 1725 2524 1791 immobiles
2580 1731 2649 1791 et

428 1828 640 1893 serios
689 1825 1041 1911 exigendo,
1089 1827 1456 1911 promendo
1515 1827 1813 1911 denique
1871 1826 2126 1892 amoris
2172 1826 2380 1892 vestri
2434 1828 2649 1894 tacita

1350 1974 1678 1997 ”OOOOOOOOO
1684 1977 1714 1998 0

425 2070 589 2124 habet
622 2069 870 2124 substituet.
911 2068 1141 2139 Guelph.
1177 2075 1393 2139 Cuspin.
1428 2089 1591 2139 puero,
1621 2075 1957 2135 Constantine,
1975 2077 2183 2138 galeam.
2236 2074 2363 2125 Vet.
2398 2073 2568 2123 Livin.
2590 2078 2646 2125 et

430 2140 634 2189 Bertin.
665 2145 713 2188 et
744 2140 921 2202 pinnis.
969 2140 1180 2192 Acidal.
1218 2155 1314 2205 pro
1357 2142 1654 2198 minentem,
1693 2142 1833 2204 conj.
1870 2144 2145 2211 enitentem,
2176 2141 2257 2189 vel
2289 2140 2648 2190 emicantem.—

429 2208 459 2252 3
495 2206 709 2267 Apellem
728 2206 971 2268 ipsumque
1008 2206 1321 2256 Parrhasium
1352 2204 1475 2255 edd.
1502 2213 1633 2254 vett.
1681 2206 1898 2269 Apellem
1927 2207 2096 2269 ipsum,
2129 2210 2271 2268 utque
2304 2205 2370 2253 Ρ.
2393 2205 2476 2253 vel
2498 2203 2646 2266 Apel-

429 2268 519 2316 lem
539 2270 712 2332 ipsum,
734 2270 976 2333 ipsumque
1017 2271 1078 2319 Ρ.
1113 2271 1250 2334 conj.
1282 2269 1494 2321 Acidel.
1529 2268 1747 2334 Apellem
1781 2270 1952 2333 ipsam,
1981 2270 2387 2333 Parrhasiumque
2416 2268 2647 2332 Guelph.

428 2332 575 2383 Idem
603 2334 771 2384 codex
793 2349 934 2398 mox,
951 2336 1154 2385 materia
1178 2340 1336 2385 tamen
1355 2335 1530 2397 magis,
1553 2351 1693 2397 quam
1714 2339 1935 2385 arta—4
1972 2335 2106 2384 Edd.
2130 2340 2258 2384 vett.
2275 2334 2533 2397 lima-ipae,
2550 2348 2646 2398 pro

428 2412 528 2461 qno
550 2400 806 2461 Bongars.
827 2398 964 2461 conj.
987 2401 1266 2463 proecipuoe‚
1291 2399 1622 2463 probantibus
1647 2400 1803 2452 Grut.
1825 2407 1881 2449 et
1899 2401 2062 2449 Banu.
2119 2400 2231 2463 quin
2248 2398 2395 2449 certis
2406 2397 2648 2447 suisnotis

427 2463 523 2511 cito
545 2464 823 2523 deformitas
840 2464 1128 2527 exprimitur
1149 2465 1303 2514 codd.
1327 2465 1468 2514 Gud.
1493 2470 1549 2514 et
1572 2465 1747 2514 Moerl.
1798 2466 1907 2514 Pro
1929 2471 2109 2528 tomen,
2128 2464 2297 2514 Livin.
2315 2463 2453 2526 conj.
2470 2468 2650 2514 autem.

427 2532 523 2575 -5
561 2528 737 2578 Moerl.
770 2538 826 2576 et
861 2528 1092 2592 Guelpli.
1126 2545 1220 2579 non
1255 2535 1413 2580 tamen
1441 2530 1523 2579 ille
1554 2534 1745 2579 tuntum
1777 2531 1921 2593 cepit.
1957 2537 1972 2559 ‘
1997 2531 2103 2578 Pro
2125 2533 2353 2592 quantum
2373 2527 2647 2577 divinitatis

427 2591 606 2649 hausit,
632 2601 683 2642 nt
707 2593 895 2642 babent
931 2608 997 2642 ex
1033 2594 1188 2643 editis
1230 2594 1488 2658 plerique,
1518 2593 1809 2656 praet'erunt
1843 2596 2005 2656 Cusp.
2044 2595 2276 2658 itemque
2314 2592 2467 2643 codd.
2501 2594 2649 2641 Bert.

431 2656 569 2705 Gud.
593 2657 716 2706 Put.
739 2658 911 2706 Moerl.
948 2663 1177 2721 quantum
1212 2660 1506 2722 voluptatis,·
1543 2660 1680 2723 quod
1715 2660 1880 2708 altero
1915 2660 2027 2718 illo,
2061 2659 2146 2706 vix
2170 2659 2306 2708 bene
2328 2657 2649 2719 explicabili,

425 2722 630 2783 planius
654 2729 709 2770 et
734 2722 918 2771 melius
943 2722 1143 2772 visum.'
1175 2725 1359 2786 Joeger.
1427 2724 1444 2752 ‘
1471 2723 1739 2786 Voluptatis
1777 2737 1893 2773 cum
1929 2724 2141 2786 Jaegero
2173 2724 2431 2786 expressi,
2455 2722 2646 2773 rectius

425 2786 747 2848 praecedenti
784 2787 960 2836 laboris
996 2788 1331 2851 oppositum.'
1366 2787 1540 2839 Arm.
1584 2789 1896 2853 inspiciendo,
1929 2790 2155 2837 intuendo
2178 2788 2301 2838 edd.
2326 2794 2460 2837 vett.
2517 2787 2647 2836 intu-

425 2852 562 2905 endo,
595 2851 885 2913 inspiciendo
917 2852 1038 2901 Vet.
1077 2853 1304 2902 Putean.
1340 2854 1547 2903 Bertin.
1586 2860 1641 2904 et
1678 2854 1907 2917 Guelph.
1944 2859 2026 2903 tot
2062 2852 2299 2902 codicum
2331 2852 2646 2902 auctoritate

426 2915 577 2964 cessi.
614 2918 785 2964 Armz.
819 2920 902 2965 'ex
939 2916 1191 2968 hilaritate
1224 2918 1453 2983 Guelph.
1509 2918 1660 2982 Mox,
1682 2919 1734 2968 in
1757 2918 1941 2969 eodem
1962 2918 2165 2979 codice,
2183 2917 2492 2981 promerendo
2507 2916 2643 2965 deni-

426 2995 536 3044 que,
556 2981 641 3042 isc.

1429 3064 1479 3113 N
1487 3064 1648 3114 01·AE

492 3165 518 3201 ⁸
550 3156 776 3207 Pulchra»
798 3155 959 3221 alitis]
993 3157 1256 3207 Pavonem
1277 3164 1499 3223 propter
1579 3167 1658 3209 set
1692 3160 1924 3232 Apelles,
1945 3161 2135 3210 Moesta
2163 3148 2258 3209 sub
2282 3157 2534 3224 oequoreis
2557 3158 2648 3209 illa

426 3234 622 3282 vs'rium
647 3247 927 3295 pennarum
951 3232 1204 3299 fulgorem
1230 3234 1495 3301 pulchram

427 3308 602 3358 alitem
628 3297 883 3373 appellat.

430 3453 438 3459 .
490 3382 516 3418 ¹²
535 3385 774 3451 Apellem]
817 3385 1028 3449 Apelles
1054 3387 1224 3451 pictor
1244 3386 1348 3438 fuit
1386 3389 1496 3439 exi-

428 3463 581 3521 mius,
604 3464 777 3527 patria
816 3465 972 3516 Cous.
1043 3467 1147 3516 Cos
1177 3472 1352 3518 sutem
1392 3482 1495 3518 nna

429 3553 497 3587 ex
539 3539 720 3589 insulis
769 3539 1086 3604 Cycladibus
1122 3548 1222 3593 est.
1289 3543 1344 3592 Is
1387 3543 1493 3606 pic·

428 3620 562 3664 turae
583 3613 734 3677 plura
748 3615 883 3663 solus
903 3631 1065 3679 prope
1081 3618 1323 3679 contulit,
1338 3631 1493 3681 quem

427 3689 595 3740 ceteri
650 3703 848 3739 omnes.
942 3692 1144 3744 Floruit
1206 3692 1493 3743 Alexandri

428 3760 737 3817 Macedouis
777 3767 1121 3830 temporibus,
1161 3768 1250 3832 qui
1289 3760 1492 3819 tantuin

427 3843 502 3894 illi
528 3842 728 3899 tribuit,
753 3849 811 3891 ut
832 3842 898 3892 ab
923 3857 1025 3892 uno
1051 3843 1140 3892 illo
1164 3843 1304 3907 pingi
1325 3858 1382 3894 se
1407 3859 1494 3894 vo-

424 3920 601 3971 luerit.
667 3918 904 3968 Moriens
920 3919 1182 3968 Venerem
1202 3920 1320 3971 Cois
1339 3935 1491 3986 quam

423 3996 694 4047 inchoarat
738 3992 954 4058 reliquit
981 3993 1364 4058 imperfectam.
1409 3999 1492 4047 vel

424 4073 500 4125 sic
524 4080 698 4124 tamen
723 4071 798 4123 ita
821 4076 1160 4137 praestsntem
1180 4081 1239 4124 ut
1260 4087 1375 4124 eam
1400 4088 1489 4125 ne-

425 4163 510 4199 mo
535 4149 703 4213 pictor
727 4161 883 4197 sinsus
902 4146 971 4196 sit
995 4146 1283 4200 absolvere.
1332 4148 1490 4199 ovid.

1579 3236 1772 3286 lateret
1794 3237 1980 3303 aquis!

1644 3312 1659 3348 ί
1689 3313 2031 3376 Parrhasium]
2097 3312 2406 3363 Parrhasius
2459 3311 2643 3363 itidem

1581 3391 1750 3455 pictor
1763 3389 1862 3441 fuit
1882 3391 2271 3454 celeberrimus,
2287 3391 2459 3455 patria
2475 3391 2649 3455 Ephe-

1579 3481 1657 3523 so,
1698 3467 1784 3531 quii
1823 3477 1940 3519 cum
1980 3467 2047 3517 de
2081 3468 2303 3530 picturae
2338 3466 2493 3521 leude
2526 3470 2645 3516 cum

1577 3542 1813 3593 Zeuxide
1836 3542 2212 3605 contendisset,
2248 3542 2395 3606 isque
2416 3541 2530 3591 uvis
2552 3557 2645 3606 sp-

1577 3625 1628 3669 te
1651 3627 1707 3669 et
1747 3635 1814 3670 ex
1852 3629 1965 3670 erte
2007 3620 2161 3684 pictis
2196 3633 2319 3668 aves
2341 3617 2644 3682 fefellisset3

1576 3696 1886 3747 Parrhasius
1909 3710 2013 3745 non
2037 3709 2161 3746 aves
2185 3700 2406 3757 tantum,
2421 3694 2510 3744 sed
2533 3695 2643 3744 luu-

1576 3769 1657 3820 dis
1680 3785 1789 3820 suae
1824 3771 2066 3820 oemulum
2103 3769 2269 3820 linteo
2305 3784 2528 3834 expanso
2550 3771 2644 3823 de·

1575 3845 1740 3908 cepit.
1806 3846 1958 3895 Vixit
1981 3846 2134 3908 paulo
2158 3853 2278 3895 ente
2303 3845 2563 3910 Apellem.

1634 3920 1653 3966 J
1680 3920 1951 3986 Proecipuoe
1973 3921 2260 3986 [praecipue]
2290 3921 2514 3987 cariusque
2528 3924 2642 3984 for·-

1571 3996 1686 4061 moe]
1722 3998 1861 4061 Lego
1879 4012 2004 4048 eum
2024 3996 2263 4065 Acidalio
2279 3998 2551 4064 pra-cipue,
2585 4000 2638 4050 id

1573 4079 1673 4131 est,
1690 4073 2011 4138 praestantis,
2034 4082 2089 4122 et
2111 4073 2335 4124 eximiae.
2401 4075 2553 4132 Mox,
2573 4078 2640 4129 si.

1570 4148 1792 4200 mititudo
1832 4156 1989 4202 tamen
2003 4165 2025 4210 ‚·
2076 4149 2214 4215 lege,
2248 4149 2512 4202 similitudo
2551 4167 2637 4204 ou-

420 4226 436 4255 ‘
459 4225 515 4277 Si
554 4238 818 4288 nunquam
856 4224 1113 4275 Venerem
1149 4219 1270 4278 Cois
1298 4225 1489 4292 pinxis-
1568 4233 1681 4278 tem.

554 4306 728 4369 Delph.
753 4309 800 4356 et
826 4301 943 4356 γαν.
965 4305 1095 4355 Clas.

1370 4307 1563 4371 Puneg.
1594 4307 1703 4359 Vel.

2390 4312 2505 4363 ΔΡ
