3084 4959
461 401 472 412 .
567 322 743 400 1548
1583 335 1764 385 vr'rA

640 576 731 643 Α.
759 575 850 641 U.
880 573 958 644 G.
992 591 1312 641 ucxnvt.
1403 571 1657 639 Christi
1689 586 2051 640 cccxcnt.
2142 571 2485 638 TheodoS.
2517 570 2691 655 Imp.

1292 692 1428 741 xv.
1517 678 1732 742 AEtat.
1766 693 2051 741 xnvrn.

654 798 1089 868 Theodosius
1135 797 1401 863 tertium
1444 797 1681 862 consul
1728 801 1955 861 contra
2007 802 2352 878 tyrannum
2395 793 2774 876 Eugenium

572 908 728 969 ante
782 901 914 968 sibi
962 901 1320 967 conciliato
1374 900 1688 984 precibus
1739 918 1822 963 ac
1862 897 2143 984 jejuniis
2189 897 2418 962 divino
2477 896 2773 961 numine,

571 1006 945 1090 relictoque
975 1003 1563 1087 Constantinopoli
1579 1001 1901 1078 Arcadio,
1934 1007 2138 1084 atque
2166 1000 2394 1075 etiam,
2415 999 2473 1064 si
2495 997 2774 1082 Socrati

569 1108 925 1184 credimus,
961 1107 1289 1182 Honorio,
1323 1126 1521 1193 quem
1542 1103 1923 1187 Augustum
1948 1105 2018 1168 in
2045 1102 2406 1167 Hebdomo
2435 1102 2776 1166 renuntia-

569 1217 696 1276 rat.
753 1227 861 1277 IV.
907 1209 1016 1275 Id.
1046 1210 1092 1275 J
1098 1229 1325 1276 anuar.
1371 1216 1448 1275 ut
1486 1209 1587 1273 ait
1635 1208 1813 1273 idem
1851 1206 2187 1285 SocrateS,
2217 1205 2344 1284 vel,
2374 1211 2447 1270 ut
2475 1205 2590 1268 alii
2623 1224 2775 1269 om-

569 1332 693 1378 nes
725 1312 977 1392 volunt,
1012 1328 1123 1376 lx.
1151 1311 1314 1377 Kal.
1364 1311 1682 1377 Decemb.
1714 1329 1866 1375 cum
1897 1309 2435 1379 numerosissimo
2458 1306 2775 1371 Transis-

569 1416 932 1488 trianorum
969 1416 1294 1495 exercitu,
1326 1415 1571 1500 quibus
1602 1413 1889 1480 Gaiuem
1934 1417 2001 1476 et
2042 1411 2320 1477 Saulum
2357 1409 2774 1494 praefecerat,

570 1516 787 1604 Alpes
814 1518 1197 1601 ingreditur.
1938 1541 1942 1548 ·

630 1701 722 1768 A.
751 1702 843 1768 U.
874 1704 951 1770 C.
987 1720 1344 1770 mcxcvn.
1432 1701 1677 1768 Christi
1712 1718 2068 1768 cccxcw.
2156 1702 2495 1768 Theodos.
2528 1698 2704 1784 Imp.

1303 1821 1463 1870 xvi.
1552 1805 1759 1870 AEtat.
1808 1820 2034 1870 xcix.

654 1922 1084 1991 Theodosius
1107 1925 1319 2012 primo
1341 1924 1613 2010 quidem
1643 1924 1902 2009 praelio,
1925 1923 2103 2008 quod
2137 1923 2547 2009 Septembris
2578 1923 2773 1990 initio

572 2027 828 2105 datum,
872 2027 1109 2093 decem
1166 2026 1381 2092 millia
1430 2046 1708 2091 suorum
1759 2026 2100 2110 perdidit=
2160 2029 2307 2091 ‘ita
2353 2026 2775 2111 permittente

574 2128 775 2208 Deo‚’
819 2130 1036 2216 inquit
1063 2128 1401 2207 Ruffinus,
1446 2135 1466 2167 ‘
1491 2148 1626 2194 non
1653 2136 1730 2194 ut
1755 2128 2187 2194 Theodosius
2218 2130 2615 2208 vinceretur,
2645 2130 2771 2195 sed

569 2253 656 2297 ne
702 2252 825 2319 per
865 2235 1183 2299 barbaros
1213 2234 1472 2298 vincere
1501 2229 1871 2299 videretur!
1959 2232 2181 2298 Nocte
2209 2253 2370 2298 vero
2402 2239 2774 2317 prostratus

570 2334 640 2399 in
697 2336 910 2421 pedes
966 2335 1399 2401 Theodosius
1461 2336 1548 2399 ab
1592 2334 1956 2419 Apostolis
2009 2334 2271 2400 duobus
2330 2335 2414 2399 de
2466 2336 2751 2403 victoria.

570 2459 769 2522 quam
802 2444 958 2504 ante
989 2438 1035 2503 J
1041 2455 1194 2505 oan.
1225 2437 1673 2516 Anachoreta,
1701 2437 2256 2522 Theodosiusque
2298 2438 2430 2503 sibi
2477 2439 2772 2522 praedix-

572 2548 785 2616 erant,
818 2542 1056 2606 certior
1098 2541 1190 2605 fit.
1280 2540 1495 2625 Igitur
1538 2559 1762 2625 pugna
1807 2541 2134 2624 postridie
2178 2562 2369 2607 mane
2407 2544 2776 2609 commissa

570 2643 658 2708 ad
688 2644 904 2727 ripam
937 2643 1294 2708 amnis‘cui
1325 2663 1565 2709 nomen
1612 2643 1886 2727 Frigida
1925 2662 2134 2728 prope
2168 2644 2577 2731 Aquileiam,
2606 2646 2775 2711 sub·

568 2747 747 2811 latus
777 2754 1051 2831 repente
1082 2755 1327 2813 ventus
1360 2746 1828 2824 vehementior,
1857 2755 2178 2812 excutere
2207 2749 2487 2834 clypeos
2517 2749 2598 2814 de
2628 2770 2776 2815 ma·

569 2850 769 2914 nibus
813 2849 1132 2928 hostium,
1163 2851 1471 2933 abripere
1520 2855 1735 2927 scuta,
1765 2851 1902 2915 tela
1947 2851 2017 2915 iu
2065 2850 2364 2934 ipsorum
2413 2871 2530 2916 ora
2566 2859 2769 2917 retor-

571 2970 799 3036 quere.
861 2952 1002 3018 Hic
1027 2972 1187 3019 vero
1209 2952 1622 3018 incredibilis
1649 2951 2180 3034 Eugeniauorum
2202 2972 2413 3037 pavor
2431 2960 2500 3018 et
2515 2960 2774 3037 strages

569 3074 721 3120 sese
751 3056 898 3120 suis
928 3057 1190 3139 sagittis
1221 3056 1768 3122 confodientium.
1864 3053 2196 3138 Eugenius
2238 3064 2508 3139 captus,
2536 3076 2618 3123 ac
2657 3056 2773 3123 de-

569 3157 797 3223 tractis
854 3159 1223 3242 insignibus
1280 3159 1728 3243 imperatoriis
1803 3179 1957 3224 cum
2015 3158 2502 3225 demississime
2559 3159 2771 3225 vitam

566 3267 975 3345 precaretur,
1003 3262 1384 3327 interfectus
1412 3269 1535 3326 est.
1627 3261 2064 3344 ArbogasteS,
2117 3262 2322 3326 rebus
2368 3261 2772 3346 desperatiS,

570 3369 592 3398 ‘
612 3360 819 3426 biduo
848 3370 1009 3447 post
1037 3361 1341 3446 praelium
1372 3364 1635 3446 fugiens
1665 3383 1789 3429 sua
1837 3383 1912 3428 se
1956 3382 2158 3430 manu
2188 3364 2513 3448 perculit!
2598 3363 2771 3429 Oro·

570 3484 739 3530 slus.

632 3666 720 3733 A.
752 3667 842 3734 U.
871 3665 950 3734 C.
984 3684 1377 3734 Mcxnvnr.
1455 3668 1708 3735 Christi
1740 3684 2064 3735 cccxcv.
2150 3668 2497 3734 Theodos.
2529 3669 2706 3754 Imp.

1361 3788 1561 3837 xvn.
1654 3774 1873 3839 AEtat.
1911 3788 1981 3835 1..

652 3889 1076 3964 Theodosius
1099 3890 1442 3975 Aquileia,
1463 3894 1579 3958 ubi
1603 3903 1762 3979 post
1781 3912 2036 3960 caesum
2061 3891 2430 3975 Eugenium
2452 3892 2773 3975 aliquam-

570 3994 689 4060 diu
739 3996 1099 4072 restiterat,
1141 3994 1604 4060 Mediolanum
1640 4016 1979 4076 reversus,
2010 3995 2386 4061 Arcadium
2428 4001 2495 4060 et
2537 3994 2773 4060 Hono-

568 4097 738 4161 rium
796 4096 1378 4182 Constantinopoli
1436 4099 1523 4170 ad
1586 4120 1661 4165 se
1720 4105 2044 4166 evocatos
2085 4098 2153 4163 in
2214 4097 2510 4163 ecclesia
2557 4098 2768 4162 susci·

569 4199 696 4284 pit,
755 4206 823 4263 et
865 4195 1230 4266 Ambrosio
1279 4202 1563 4268 traditos
1613 4202 2054 4270 commendat.
2144 4199 2528 4266 Honorium
2571 4220 2776 4266 unum
