3084 4959
921 349 1252 405 ιυιιᾼκο
1300 353 1480 408 Ave.
1560 347 1673 404 Χῖ.
1717 340 1829 406 32.
2128 351 2131 356 ’
2301 335 2476 408 1539

291 492 620 560 et.humile
646 491 970 573 cogitare,
1002 492 1119 576 qui
1162 492 1292 556 scit
1331 492 1418 556 de
1461 512 1539 556 se
1585 511 1852 577 semper
1890 493 2321 577 loquendum.
2408 498 2477 562 8.

289 596 502 672 Nune,
552 595 613 658 si
661 596 808 672 tibi,
854 593 1251 676 Imperator,
1295 612 1534 677 parum
1575 595 1826 677 ampla,
1864 614 1991 659 nec
2032 598 2478 680 respondente

287 699 529 772 meritis
576 697 714 762 tuis
756 697 1064 761 oratione
1104 714 1273 759 usus
1306 696 1605 772 videbor,
1633 715 1874 779 quaeso
1918 699 2340 784 obtestorque
2383 709 2477 780 te,

287 821 366 866 ne
391 820 560 865 meae
588 800 660 864 id
691 806 944 864 naturae
983 798 1236 882 potine,
1266 818 1469 882 quam
1513 799 1964 881 magnitudini
2006 799 2477 870 beneficiorum

284 913 569 980 tuorum,
613 908 818 986 putes
868 921 1034 969 esee.
1061 902 1508 967 tribuendum.
1595 905 1659 967 4.
1708 902 1930 968 Nemo
1973 921 2285 985 nequam,
2312 914 2479 989 post

284 1008 585 1071 homines
612 1013 828 1083 natea,
853 1006 1180 1090 ampliora
1218 1005 1500 1089 praemia
1539 1024 1584 1069 a
1627 1006 1898 1087 regibus
1946 1013 2151 1089 atque
2190 1007 2478 1090 impera-

284 1111 538 1176 toribus
586 1117 984 1174 consecutus
1036 1115 1175 1188 θεὶς
1219 1109 1380 1174 nulli
1432 1109 1591 1192 plus
1637 1108 1863 1172 oneris
1901 1109 2323 1191 impositum.
2409 1112 2478 1176 ὅ.

287 1212 446 1283 Non
476 1212 784 1287 abnuam,
813 1210 1254 1295 praefecturas
1298 1216 1368 1276 et
1408 1210 1809 1275 consulatus
1846 1211 2076 1275 multis
2113 1230 2268 1276 esse
2295 1209 2481 1278 dela·

283 1319 430 1395 tos3
474 1315 598 1379 sed
639 1314 766 1394 hie,
798 1321 956 1397 post
998 1314 1361 1379 immensos
1404 1313 1703 1391 labores,
1733 1312 1941 1377 honos
1971 1314 2169 1396 quasi
2207 1314 2479 1382 debitus

284 1417 632 1483 restitutus
656 1426 804 1497 θοις
848 1417 1032 1493 mihi,
1070 1435 1228 1481 cum
1260 1414 1409 1499 jam
1452 1415 1773 1479 honorem
1803 1414 2091 1498 adeptus
2121 1417 2276 1494 sim,
2305 1437 2479 1484 nunc

285 1519 568 1597 demum,
611 1526 690 1585 nt
730 1520 1106 1597 meruerim,
1150 1518 1589 1584 laborandum
1632 1522 1757 1582 est.
1843 1518 1911 1582 6.
1958 1516 2178 1582 Versa
2219 1519 2480 1584 ratione

284 1629 676 1705 temporum,
703 1628 1083 1705 permutata
1123 1640 1472 1685 munerum
1501 1622 1674 1697 vice,
1706 1619 1906 1684 modo
1943 1619 2325 1685 enitendum
2351 1629 2481 1700 est,

282 1731 357 1789 ut
399 1723 676 1807 praemio
715 1724 955 1806 dignus
994 1722 1365 1800 existimer,
1398 1743 1553 1787 curu
1585 1722 1735 1806 jam
1775 1722 2123 1805 praemium
2163 1711 2478 1807 ceperim

282 1828 346 1891 7.
393 1826 454 1891 Ο
482 1826 646 1892 mihi
674 1826 938 1891 festinae
982 1825 1460 1890 benevolentiae
1500 1832 1634 1889 tuae
1677 1825 2147 1908 gravissimum
2174 1826 2478 1909 pondus!

283 1928 558 2010 Vereor,
587 1938 660 1993 ut
689 1936 923 2013 aperte
955 1929 1324 2012 exprimere
1358 1926 1821 1996 difficultatum
1852 1947 2153 1992 mearum
2186 1928 2479 1993 ordinem

282 2034 564 2097 valeam.
650 2032 717 2097 8.
763 2031 1071 2097 Facilius
1118 2038 1243 2109 est,
1276 2031 1676 2115 Imperator,
1712 2031 1909 2097 bonis
1945 2033 2203 2096 artibus
2248 2032 2479 2098 mereri

281 2131 619 2200 consulem
639 2126 817 2210 'fier-i,
843 2154 1038 2222 quam
1069 2135 1394 2200 industria
1425 2140 1496 2198 et
1520 2133 1749 2201 labore
1781 2134 2122 2219 perficere,
2148 2141 2218 2199 ut
2248 2133 2478 2200 videa-

280 2237 374 2303 ris
404 2239 740 2323 meruiqsffi
768 2258 918 2303 cum
947 2237 1170 2302 sactus
1196 2239 1314 2302 sis·
1838 2227 1845 2238 ‘

368 2339 545 2405 cst.
580 2356 847 2404 xxxu.
892 2340 954 2406 1.
984 2338 1211 2416 Absit,
1231 2336 1560 2423 Auguste,
1583 2345 1653 2404 et
1669 2338 1850 2403 istud
1875 2345 2110 2403 sancta
2139 2338 2480 2404 Divinitas

279 2462 486 2510 omen
513 2448 788 2515 avertat,
815 2450 893 2510 ut
919 2451 994 2506 tu
1023 2463 1070 2506 a
1096 2462 1434 2527 quoquam
1474 2443 1856 2508 mortalium
1903 2449 2230 2525 expectes
2258 2443 2474 2510 vicem

277 2546 615 2610 beneficii!
664 2546 918 2609 Verum
965 2552 1200 2622 tamen,
1248 2545 1430 2630 quod
1482 2546 1695 2609 solum
1743 2545 1849 2609 vel
1895 2545 2205 2627 accipere
2249 2552 2482 2627 potest

278 2647 416 2712 ista
440 2647 728 2726 fortuna,
759 2647 864 2712 vel
897 2667 939 2712 a
968 2649 1165 2712 nobis
1196 2645 1446 2732 opibus
1479 2648 1616 2712 tuis
1649 2645 1873 2722 tribui,
1905 2645 2477 2738 immortalitatem

279 2770 632 2816 munerum
663 2757 922 2815 tuorum
951 2751 1169 2817 colam
1201 2750 1441 2816 officiis
1474 2751 1919 2836 sempiterni&
2006 2752 2074 2818 2.
2121 2739 2339 2816 Omne
2363 2772 2478 2815 ne-

278 2853 556 2935 gotium,
606 2871 797 2917 omne
848 2853 1054 2917 otium
1103 2873 1345 2931 meum,
1393 2853 1462 2915 in
1508 2853 1823 2917 ornandis
1868 2854 2068 2918 rebus
2121 2854 2257 2917 tuis
2300 2853 2480 2918 cele-

278 2954 689 3037 brandisque
734 2963 1052 3039 ponetur3
1117 2976 1334 3040 neque
1380 2956 1617 3031 solum,
1672 2976 1716 3019 a
1765 2956 2110 3040 juventute
2162 2976 2312 3021 mea
2380 2958 2480 3020 tui

277 3058 458 3139 grati
486 3058 689 3122 animi
717 3059 1191 3124 benevolentia
1220 3059 1694 3137 declarabitur,
1724 3059 1840 3123 sed
1869 3059 2073 3124 etiam
2101 3079 2143 3124 a
2173 3079 2304 3138 me,
2324 3079 2478 3124 cum

1202 3259 1260 3279 00
1264 3257 1379 3279 “O-O
1382 3258 1436 3279 00
1440 3258 1561 3279 000&

277 3401 341 3436 ne
362 3403 495 3446 meoe,
529 3403 595 3438 ex
616 3390 822 3441 emend.
845 3388 1186 3443 Addunt-4
1220 3393 1376 3442 Nemo
1398 3407 1599 3456 unquam
1621 3389 1741 3440 edd.
1769 3397 1891 3440 ante
1913 3389 2094 3440 Arntz.
2149 3393 2319 3449 Nemo,
2344 3409 2479 3444 nemo

275 3467 485 3515 unquam
506 3456 636 3505 Exc.
658 3457 951 3506 Schonhov.
1004 3460 1176 3516 Nemo,
1198 3474 1330 3509 nemo
1349 3474 1542 3522 usquam
1566 3457 1778 3519 Cuspiu-
1834 3457 1988 3506 Nemo
2005 3472 2201 3520 usquam
2223 3460 2347 3509 Vet.
2371 3459 2480 3508 Pn-

278 3526 426 3566 tean.
471 3520 593 3569 Vet.
631 3520 800 3571 Livin-
838 3523 1039 3573 Bertin.
1079 3523 1219 3575 Gud.
1253 3532 1268 3553 ‘
1302 3526 1436 3574 nulla
1463 3525 1573 3587 plus
1607 3522 1830 3584 Guelph.
1867 3524 1978 3571 sine
2017 3522 2208 3572 sensu?
2238 3523 2480 3573 Arnim-

276 3588 309 3631 5
360 3584 486 3631 Vet.
507 3584 676 3634 Lirin.
699 3594 753 3635 et
777 3585 1002 3650 Guelph.
1022 3591 1103 3637 sed
1120 3590 1198 3637 iis.
1252 3589 1401 3648 Mox,
1423 3588 1655 3649 Guelph.
1684 3589 1885 3649 adeptus
1902 3601 2025 3635 sum.
2084 3588 2206 3636 Vet.
2233 3587 2401 3637 Livin.
2423 3595 2479 3639 ut

273 3650 616 3709 memendum5
652 3651 770 3700 edd.
811 3662 933 3700 ante
970 3652 1165 3715 Jaeger.
1214 3659 1269 3701 ut
1300 3668 1513 3711 meream·
1548 3654 1671 3700 Vet.
1706 3652 1930 3701 Putean.
1954 3650 2093 3700 Gud.
2118 3659 2175 3701 et
2197 3653 2367 3703 Moerl.
2422 3659 2479 3703 ut

272 3716 568 3771 meruerim;
606 3723 659 3764 et
697 3717 775 3765 sie
806 3718 943 3781 conj.
980 3717 1245 3766 Lirim—⁷
1283 3716 1329 3764 Ο
1360 3719 1482 3767 milii
1495 3717 1698 3776 sestivae
1726 3722 1820 3765 ινα
1843 3716 2166 3765 benivolentiae
2188 3719 2307 3766 edd.
2348 3728 2477 3769 vett.

258 3777 470 3837 festivae
489 3780 645 3828 etiam
671 3781 902 3830 Rhenan.
924 3782 1104 3844 Stepb.
1130 3790 1183 3832 et
1210 3783 1376 3831 Rivin.
1437 3784 1482 3831 0
1507 3798 1571 3830 m.
1586 3782 1785 3841 sentina
1806 3780 2029 3842 Gnelpb.
2054 3791 2107 3830 et
2133 3782 2261 3832 Exc.
2285 3784 2478 3833 Schon-

269 3843 397 3892 hov.
434 3851 449 3872 ‘
473 3842 798 3895 benevolentiae
820 3854 913 3897 tuoe
937 3847 1164 3910 Gnelph.
1187 3849 1321 3911 qnod
1346 3846 1555 3911 placet?
1587 3845 1765 3896 Arutz.
1829 3847 2002 3896 Vereor
2022 3860 2081 3895 ne
2102 3848 2225 3895 Vet.
2252 3849 2477 3898 Putean-

270 3916 333 3957 et
360 3908 585 3971 Guelph.
639 3913 656 3939 ⁴
677 3911 847 3973 Μυκη
870 3912 1116 3974 cupiebat
1140 3915 1295 3975 enim,
1327 3916 1369 3961 si
1398 3918 1597 3977 posset,
1615 3912 1730 3960 haec
1762 3909 2094 3976 exprimere.’
2128 3912 2304 3962 Arntz.
2369 3915 2478 3964 Pro

271 3979 462 4037 aperte,
486 3975 656 4024 Livin.
684 3978 821 4042 conj.
844 3983 970 4040 apte.

345 4038 688 4091 camxxxu.
726 4046 751 4091 1
794 4041 1020 4104 Guelph.
1055 4047 1102 4090 et
1138 4042 1233 4091 ista
1261 4047 1546 4093 sanaem—2
1587 4041 1802 4105 Cuspin.
1834 4057 1922 4092 nec
1949 4044 2115 4091 solum.
2181 4041 2316 4093 Edd.
2354 4050 2477 4094 ente

270 4102 439 4152 Grut.
469 4105 760 4165 ajuventute
787 4122 890 4157 mea
914 4109 1105 4169 vigente
1121 4108 1274 4171 grati,
1294 4112 1377 4172 ⁸5⁶·
1442 4109 1566 4157 Vet.
1599 4109 1824 4157 Putean.
1858 4108 2102 4156 Vatican-
2126 4123 2157 4156 a
2191 4123 2258 4156 m.
2281 4122 2385 4158 sec.
2419 4119 2476 4161 et

274 4168 507 4231 Guelph.
540 4186 572 4219 a
596 4169 848 4230 juventute
879 4188 985 4223 mea
1015 4173 1106 4222 tui.
1171 4173 1307 4222 Vide
1333 4175 1487 4223 Nott.
1505 4176 1657 4223 Varr.
1688 4175 1772 4223 red
1797 4178 1846 4223 et
1872 4188 1978 4223 cnm
1999 4188 2072 4221 me
2092 4174 2252 4222 anima
2275 4176 2477 4226 Bertin.

264 4247 389 4283 cum
408 4250 440 4284 a
459 4250 532 4286 me
553 4236 680 4289 Vet.
704 4240 926 4289 Putean.
961 4253 1068 4289 cum
1085 4237 1232 4289 etiam
1252 4254 1283 4289 a
1303 4254 1375 4289 me
1400 4240 1563 4290 anima
1584 4240 1815 4304 Guelph.
1883 4239 2030 4301 Mox,
2064 4239 2115 4287 in
2149 4239 2331 4291 eodem
2356 4243 2475 4292 eod.
