3084 4959
2337 358 2514 427 1509

313 516 521 584 dubia
550 521 1007 595 contumaceS,
1037 516 1107 581 in
1138 516 1505 583 redivivum
1550 516 1839 582 furorem
1875 512 2187 582 nefandis
2216 516 2510 584 stimulis

312 620 694 688 excitatas!
780 619 958 699 Quae
990 620 1218 685 omnia
1247 621 1683 697 obstinatam,
1715 627 1785 685 et
1811 620 2223 685 immobilem
2253 619 2513 687 Princi-

311 726 422 809 pis
450 724 732 789 maximi
772 724 1037 788 tandem
1077 722 1304 788 vicere
1349 723 1765 808 patientiam.
1852 723 1917 788 2.
1962 722 2206 808 Itaque
2260 743 2414 789 cum
2443 726 2512 789 in

308 828 468 913 ipso
510 825 896 891 molimiue⁶
940 826 1397 910 oppressisset
1435 824 1864 891 Alamauiam
1907 825 2357 905 rebellantem,
2392 828 2514 911 qui

310 929 521 1014 paulo
555 934 710 992 ante
740 927 1051 992 inaudita
1079 927 1440 1010 regionum,
1470 925 1850 1007 fluviorum,
1890 929 2216 992 montium
2244 931 2514 994 nomina

308 1032 610 1097 exercitu
638 1032 895 1095 victore
925 1039 1466 1115 peragraverat,¹·
1493 1049 1614 1114 per
1641 1030 1882 1095 ultima
1911 1030 2196 1096 serarum
2217 1033 2514 1113 gentium

309 1146 541 1216 regna,
571 1134 833 1198 calcata
860 1151 1088 1214 regum
1120 1133 1349 1216 capita
1382 1133 1856 1217 supervolans,
1885 1133 1956 1197 iu
2002 1133 2224 1198 medio
2255 1133 2517 1218 Illyrici

311 1237 463 1300 sinu
495 1235 904 1319 improvisus
937 1236 1280 1319 apparuit.
1363 1234 1431 1299 3'.
1473 1234 1797 1301 Vidimus
1825 1236 2057 1301 felices
2092 1236 2280 1302 illius
2306 1237 2514 1301 comi-

306 1345 417 1404 tes
461 1340 589 1404 viae
635 1344 1011 1420 stupenteS,
1054 1339 1315 1402 urbium
1360 1338 1653 1422 populos
1682 1339 2032 1404 dubitasse
2061 1339 2327 1404 credere
2359 1359 2514 1425 quae

311 1442 657 1507 videbant.
714 1443 802 1503 ·4.
850 1440 1010 1507 Νοιι
1040 1442 1236 1505 aliter
1265 1449 1730 1507 consternatas
1758 1443 2041 1507 arbitror
2079 1449 2333 1526 genteS,
2363 1464 2516 1527 quae

309 1545 551 1629 primae·
566 1545 836 1627 lapsum
859 1544 1034 1608 coelo
1058 1562 1395 1628 excepere
1421 1540 1857 1612 Palladium.‘¹
1950 1543 2281 1627 Virgines,
2306 1549 2515 1630 pueri,

308 1645 627 1726 foeminae,
661 1647 963 1712 tremulae
1019 1665 1211 1725 anus,
1261 1649 1626 1712 titubantes
1675 1667 1866 1711 senes
1905 1667 2040 1712 non
2084 1647 2231 1712 sine
2270 1667 2516 1730 magno

309 1751 580 1816 attoniti
603 1758 629 1787 ⁸
655 1750 921 1814 horrore
948 1742 1313 1815 cernebant
1338 1749 1846 1834 Imperatorem,
1866 1751 2135 1833 longam
2157 1750 2365 1829 viam,
2386 1750 2516 1814 sub

312 1854 610 1935 gravium
640 1872 971 1917 armorum
1004 1872 1233 1930 onere,
1262 1857 1657 1930 currentem,
1685 1853 2114 1936 properantis
2144 1852 2517 1917 anhelitum

310 1955 461 2020 sine
492 1973 692 2020 sensu
719 1955 1141 2020 lassitudinis
1159 1967 1191 1993 ’⁸
1220 1954 1647 2033 crebriorem,
1679 1955 1995 2019 sudorum
2026 1955 2210 2020 rivos
2237 1973 2358 2040 per
2384 1955 2520 2020 for-

306 2057 407 2123 tia·
435 2057 614 2123 colla
644 2067 1018 2137 manantes,
1045 2064 1116 2122 et
1155 2058 1325 2122 inter
1377 2057 1569 2121 illum
1614 2057 1931 2141 pulveriS‚
1966 2057 2085 2142 qui
2127 2058 2404 2123 barbam
2441 2064 2518 2122 et

987 368 1320 423 rumano
1369 370 1552 419 Aue.
1625 356 1836 422 x1.6.

370 2222 391 2261 t
422 2225 612 2274 Aetas
591 2240 644 2276 ιιι
661 2240 830 2277 novum
838 2226 1074 2285 furorem.

371 2294 419 2321 ’⁸'
452 2277 688 2340 Victorem
709 2292 971 2340 exereitum
991 2291 1275 2340 traduxerat
1294 2294 1431 2339 trans
1449 2289 1684 2352 regiones,
1688 2289 1886 2355 fluvios,
1908 2296 2088 2343 montes
2102 2304 2162 2341 ne
2177 2295 2310 2341 notos
2325 2289 2512 2355 quidem

308 2354 591 2470 ἡέῗιῖπιῖἰ
612 2419 1011 2482 defatigationem
1031 2420 1209 2471 sentire
1224 2435 1317 2469 non
1340 2420 1599 2470 videretur.

1225 2546 1594 2568 contectato&

307 2648 554 2697 adver-mn
576 2647 763 2711 jugum.
826 2648 1037 2698 Puteal.
1086 2647 1323 2700 Rhenau.
1359 2648 1547 2711 steph.
1591 2648 1759 2699 Liviu.
1800 2646 1974 2699 Rivin.
2020 2648 2279 2698 &redivivo
2307 2649 2517 2710 surore,-

310 2713 537 2775 Guelph.
579 2715 691 2762 Vet.
728 2713 953 2763 Putean.
984 2714 1107 2762 Vet.
1142 2714 1310 2763 Liviu-
1348 2714 1477 2763 Exc.
1515 2713 1683 2776 Lang.
1725 2714 1928 2763 Bertin.
1965 2714 2097 2763 Exc.
2127 2714 2412 2764 Schoulnov.
2447 2715 2515 2764 Ρ.

306 2778 490 2841 Steph.
513 2778 670 2828 Grut.
686 2785 743 2827 et
764 2786 987 2828 recentt·
1006 2778 1060 2828 in
1082 2777 1585 2838 redioiumfnrorem.
1632 2779 1781 2843 Mox,
1807 2779 1998 2837 Quoeo.
2014 2779 2252 2828 obstinata
2278 2780 2513 2829 Rheuau.

309 2851 369 2894 et
401 2844 475 2893 al.
503 2851 635 2893 vett.
682 2843 929 2907 Principio
957 2844 1148 2894 tandem
1169 2844 1402 2894 Rbeuau.
1424 2845 1499 2894 H.
1519 2844 1704 2909 Steph.
1727 2852 1783 2894 et
1808 2844 1979 2895 Riviu.
2034 2843 2284 2907 Principis
2316 2845 2519 2895 maximi

307 2909 499 2958 tandem
541 2910 666 2958 Vet.
702 2908 929 2958 Putean.
972 2919 1028 2960 et
1062 2909 1182 2960 edd.
1220 2918 1445 2959 receutt.
1502 2907 1585 2959 Cf.
1622 2924 1780 2972 supra
1823 2923 1889 2958 ιι.
1932 2912 2082 2957 6.-2
2116 2910 2351 2973 Itaquee
2353 2909 2516 2974 ,ipso

308 2973 535 3038 Guelpb.
557 2975 790 3024 Rhenan.
804 2974 991 3037 Steph.
1010 2975 1177 3024 Liviu-
1199 2975 1370 3028 Riviu.
1405 2976 1640 3038 Itaquee.
1657 2974 1831 3039 inipso
1855 2975 1983 3023 Exc.
2005 2974 2290 3024 Sclioubov.
2307 2976 2515 3026 Bertiu.

310 3038 528 3102 Cuspin.
550 3039 706 3090 Grut.
729 3048 784 3089 et
809 3046 1031 3090 receutt.
1079 3039 1273 3103 Illyrici
1294 3041 1428 3088 εἰιιιιιι
1457 3039 1634 3088 Moerl.
1666 3040 1876 3088 Puteol.
1898 3037 2134 3088 Rheuau.
2154 3039 2337 3101 Stepb.
2357 3041 2517 3090 Pata·

309 3105 411 3154 rol.
468 3105 503 3153 Ι
534 3105 646 3154 sinn
679 3105 814 3168 conj.
851 3106 1071 3163 Ritters.
1106 3111 1417 3165 receperunt
1456 3105 1650 3154 cellar.
1686 3112 1744 3154 et
1791 3105 1962 3155 Baun.
2007 3104 2288 3168 improvisae
2328 3105 2520 3169 apernit

309 3168 521 3219 Puteol.
544 3170 759 3232 Cuspin.
785 3168 859 3220 H.
881 3170 1066 3233 steph.
1091 3168 1326 3220 Rbeuau.
1349 3168 1537 3229 steph
1553 3177 1610 3219 et
1632 3170 1807 3219 Rivin.
1841 3171 1877 3219 ι’.
1897 3171 2123 3234 apparuit
2147 3171 2268 3221 Vet.
2288 3170 2517 3221 Pmoun.

311 3234 536 3298 Guelph.
557 3236 729 3285 Livin.
749 3244 804 3284 et
829 3243 1056 3286 receutt.
1082 3243 1137 3284 et
1159 3235 1234 3285 sic
1257 3236 1394 3298 conj.
1416 3235 1632 3284 Rheuau
1637 3239 1752 3284 .--3
1786 3235 1988 3284 Ber-tin.
2011 3235 2330 3287 vicecomites.
2366 3237 2515 3299 Mox,

306 3299 565 3354 dubitasse,
585 3303 830 3351 crederent
851 3302 991 3363 conj,
1017 3298 1198 3349 Arma·
1201 3304 1296 3350 -4
1331 3301 1471 3349 Edd
1487 3306 1619 3350 vett.
1640 3315 1747 3363 quoe
1760 3303 2032 3364 prolapsum
2048 3302 2176 3354 ooelo.
2210 3301 2349 3355 Vide
2368 3303 2516 3353 Nott.

313 3363 468 3415 Varr.
518 3372 829 3431 properantes
845 3367 1081 3418 anhelitus
1097 3365 1234 3430 conj.
1258 3365 1467 3416 Acidal.
1519 3366 1839 3418 crebrioreu.
1858 3367 1987 3416 rivos
2002 3367 2122 3417 edd.
2141 3376 2269 3418 vett.
2310 3369 2516 3418 creor-io-

1303 3496 1520 3548 NOTAE

370 3581 398 3609 e
430 3575 494 3626 In
528 3576 633 3640 ipso¹
670 3578 929 3642 ιιιοῖιιιιὶιιε]
983 3579 1055 3629 Id
1094 3587 1197 3643 est,
1238 3587 1370 3643 tum,
1453 3589 1617 3638 retur,
1638 3579 1924 3629 Diomedes
1992 3587 2012 3628 t
2035 3580 2247 3643 Ulysses
2267 3577 2429 3628 fatale
2453 3578 2515 3627 il·

311 3667 430 3702 cum
464 3665 630 3716 prope
663 3654 845 3703 abesse
877 3656 1136 3713 crederet,
1164 3662 1223 3705 ut
1245 3655 1371 3705 Gal·
1451 3657 1537 3706 lud
1564 3660 1764 3720 siguum
1800 3594 2141 3708 sustollit-int.
2209 3658 2326 3708 Nec
2349 3660 2513 3708 multo

308 3730 408 3779 lias
435 3730 721 3780 invaderet.
1454 3742 1570 3797 post
1587 3733 1760 3784 Graeci
1775 3733 2003 3797 Trojam,
2017 3743 2135 3797 post
2154 3732 2336 3783 decem
2358 3748 2516 3784 anuo-

314 3816 323 3825 ·
372 3804 401 3840 ⁶
430 3805 729 3871 Palladiam]
777 3806 1009 3857 Palladis
1043 3806 1370 3858 simulacrum
1426 3822 1565 3860 'rum
1587 3810 1936 3873 obsidionem,
1949 3811 2162 3861 tutelari
2184 3810 2283 3860 boc
2302 3813 2513 3862 numine

298 3881 429 3941 fuit,
466 3882 603 3948 quod
648 3897 713 3933 eo
756 3890 990 3947 tempore
1033 3899 1141 3949 quo
1180 3897 1272 3934 ara
1316 3892 1372 3935 et
1449 3889 1728 3952 spoliatam
1762 3888 2149 3940 subverterunt.
2214 3887 2365 3953 Virg-
2395 3889 2514 3941 AEu.

309 3960 564 4024 ternplum
602 3959 876 4009 ·Miuervoe
934 3960 1251 4016 struebatur,
1304 3961 1373 4011 de

302 4039 442 4088 eoelo
485 4037 688 4100 lapsum
733 4036 833 4086 sibi
880 4036 933 4086 in
975 4037 1172 4100 templo
1227 4036 1371 4099 legit.

304 4115 445 4168 Quia
464 4122 637 4164 antem
660 4121 775 4162 erat
796 4113 851 4162 iu
870 4110 992 4164 fatie
1027 4113 1228 4163 tamdiu
1245 4114 1376 4164 Tro-

301 4193 411 4257 jam
445 4193 759 4242 incolumem
789 4190 921 4249 fore,
954 4191 1203 4258 quamdiu
1235 4191 1375 4243 intra

308 4270 423 4335 ejus
455 4270 646 4321 moenia
676 4270 1008 4321 simulacrum
1036 4268 1165 4320 illud
1198 4282 1372 4321 nerva-

1452 3977 1518 4014 n
1503 3967 1754 4089 ‘Ilieon‘
1708 4039 1811 4090 aine
1829 4054 2002 4102 magno
2024 4040 2237 4097 attoniti,
2257 4043 2338 4104 sse.
2343 4039 2365 4103 ]
2388 4041 2514 4092 For-

1452 4122 1507 4167 te
1537 4116 1831 4169 inducenda
1864 4118 1978 4168 haec
2011 4125 2272 4182 postrema
2308 4132 2404 4168 vox
2435 4124 2515 4168 at·

1451 4195 1620 4245 tonitr·
