3084 4959
454 1167 460 1175 ,
570 1055 744 1163 IN
771 1054 854 1159 C
881 1053 1241 1160 ERTI
1367 1054 2510 1166 PANEGYRICUS

635 1337 1313 1428 M'AXIMIANO
1395 1351 1540 1428 ET
1619 1350 2435 1430 CONSTANTINO-

1078 1933 1444 1984 SYNOPSIS
1493 1935 1996 1986 PANEGYRICI·

430 2069 497 2119 In
533 2067 764 2119 Exordio
805 2081 923 2119 enm
960 2082 1056 2133 pro
1089 2083 1234 2120 more
1271 2068 1606 2120 celebrandae
1642 2070 1746 2121 sint
1784 2069 2018 2120 oratione
2044 2070 2370 2122 Constantini
2397 2072 2509 2136 jam
2534 2072 2644 2123 Au·

494 2151 637 2213 gusti
660 2164 776 2201 cum
799 2151 990 2200 Fausta
1010 2150 1318 2201 Maximiani
1341 2150 1451 2200 filia
1484 2151 1706 2215 nuptie,
1729 2156 1836 2201 tum
1863 2149 2128 2214 praecipue
2152 2152 2313 2201 totius
2337 2153 2642 2217 reipublieae

493 2230 702 2282 nomine
727 2232 780 2280 id
804 2245 836 2280 a
857 2245 913 2281 se
936 2230 1048 2282 fieri
1071 2232 1203 2282 dicit
1225 2239 1493 2295 oportere,
1517 2232 1606 2296 qni
1628 2232 1725 2281 hac
1749 2231 1999 2295 praesenti
2024 2232 2214 2282 laetitia
2233 2231 2556 2296 perfruatur.

433 2312 800 2363 Dis-rmntmo
825 2312 1034 2363 videtur
1057 2326 1169 2362 esse
1199 2328 1215 2364 ι
1257 2312 1307 2364 Ῑ.
1332 2313 1414 2362 De
1443 2312 1795 2363 Constantini.
1853 2312 1931 2361 11.
1952 2312 2039 2362 De
2063 2312 2367 2362 Maximiani
2380 2313 2644 2379 laudibus,

498 2406 619 2456 eap.
644 2406 708 2442 ιι.

431 2471 481 2523 1.
510 2473 675 2524 Pans-
707 2473 851 2528 Quid
887 2472 1263 2526 Maximianum
1289 2473 1530 2537 moverit,
1553 2481 1613 2525 nt
1630 2475 1771 2525 huno
1787 2474 1898 2541 jam
1912 2475 2035 2539 jure
2057 2475 2354 2540 adoptionis
2375 2481 2643 2540 nepotem,

493 2555 783 2615 majestatis
816 2555 996 2604 ordine
1018 2554 1198 2612 filium,
1239 2555 1397 2604 etiam
1437 2568 1689 2618 generum
1725 2570 1836 2607 esse
1858 2556 2039 2607 vellet.
2104 2556 2362 2608 Nimirum
2387 2556 2526 2622 quod
2551 2570 2643 2620 pa-

493 2640 626 2684 trem
654 2634 1011 2685 Constantium
1037 2650 1140 2685 non
1165 2636 1344 2699 specie
1368 2634 1542 2694 modo,
1568 2635 1660 2685 sed
1694 2637 2035 2702 continentia,
2064 2635 2399 2700 fortitudine,
2409 2637 2646 2702 justitia,

493 2714 774 2779 prudentia
810 2725 1232 2781 repraesentaret,
1269 2731 1390 2780 cap.
1425 2730 1515 2766 111.
1585 2717 1755 2782 Hujus
1789 2718 2193 2783 comparationis
2226 2717 2430 2782 singula
2464 2718 2644 2782 capita

494 2797 844 2862 persequitur,
889 2812 1007 2863 cap.
1045 2813 1122 2849 ιν.
1190 2798 1345 2851 Quod
1386 2798 1608 2849 Caesaris
1642 2799 1996 2864 appellatione
2040 2805 2317 2849 contentus
2351 2804 2641 2864 expectare

494 2877 784 2941 maluisset,
818 2884 877 2928 nt
915 2879 984 2928 ab
1007 2879 1212 2936 eodem,
1233 2894 1339 2943 quo
1377 2884 1529 2944 pater
1558 2894 1701 2937 suns,
1738 2880 2094 2930 declararetur
2119 2878 2404 2945 Augustus,
2440 2894 2558 2943 cap.
2580 2894 2644 2929 v·

497 2958 651 3009 Quod
686 2957 802 3020 jam
841 2958 1036 3009 dudum
1082 2962 1221 3009 hunc
1258 2960 1356 3009 sibi
1390 2973 1640 3022 generum
1685 2959 2024 3017 destinasset,
2065 2974 2183 3010 oum
2221 2960 2275 3009 in
2321 2959 2645 3023 Aquileiensi

493 3037 692 3103 palatio
715 3039 944 3089 tabulam
969 3040 1203 3090 exhiberi
1219 3041 1474 3105 jusserat,
1494 3041 1548 3090 in
1572 3056 1675 3106 qua
1695 3041 1892 3090 Fausta
1912 3041 2257 3090 Constantino
2287 3038 2454 3090 adhue
2477 3054 2641 3105 puero

493 3120 695 3183 galeam
719 3118 998 3185 offerebat,
1020 3136 1138 3184 cap.
1158 3135 1236 3170 vr.

430 3200 509 3252 ΙΙ.
546 3202 721 3252 Pras.
756 3201 971 3253 Transit
993 3204 1058 3252 ad
1083 3202 1479 3262 Maximianum,
1501 3218 1655 3268 quem
1680 3202 1862 3252 laudat
1881 3201 2020 3268 quod
2045 3200 2243 3252 Gallias
2267 3201 2640 3268 pacarit,quod

494 3282 725 3333 Romana
761 3282 907 3348 signa
944 3290 1086 3334 trans
1113 3285 1350 3335 Rhenum
1385 3284 1620 3335 barbaris
1649 3283 1893 3348 gentibus
1926 3281 2180 3343 intulerit,
2201 3282 2338 3347 quod
2361 3283 2415 3333 in
2442 3284 2639 3333 Mauri-

493 3364 637 3414 tania
660 3365 1162 3431 Quinquegentanas
1194 3366 1432 3416 nationes
1462 3366 1741 3426 domuerit,
1765 3364 1903 3430 quod
1929 3372 2046 3429 post
2072 3370 2151 3413 tot
2176 3371 2454 3430 tantasque
2472 3367 2639 3415 victo-

491 3445 595 3496 rias
612 3446 791 3497 Romae
814 3448 1173 3512 triumpharit,
1197 3461 1319 3512 cap.
1341 3461 1471 3500 vm.
1513 3446 1794 3512 Ingeniose
1820 3446 2160 3511 conqueritur
2174 3445 2311 3511 quod
2332 3446 2638 3514 reipublicae

491 3539 668 3576 curam
693 3526 757 3578 ad
781 3533 987 3591 tempus
1010 3527 1338 3593 deposuerit,
1352 3543 1471 3593 cap.
1495 3541 1555 3578 x.

429 3607 494 3657 In
519 3606 621 3656 fine
643 3609 924 3672 compellat
941 3616 1223 3674 utrumque
1243 3609 1612 3673 imperatorem
1638 3621 1702 3657 ex
1728 3620 1942 3672 quorum
1968 3618 2098 3653 nova
2117 3603 2370 3654 affinitate
2393 3605 2516 3654 nihil
2534 3620 2636 3658 non

430 3735 442 3743 ,
493 3687 807 3753 sperandum
832 3687 981 3752 dicit,
1009 3690 1086 3739 sic
1108 3690 1244 3739 enim
1271 3688 1595 3738 fundandum
1619 3688 1867 3751 deinceps
1905 3685 2181 3747 imperium
2207 3686 2398 3735 virtute
2427 3685 2638 3750 juvenis

493 3778 550 3818 et
587 3768 892 3820 maturitate
932 3770 1167 3825 senioris,
1206 3782 1475 3832 eapamt.
1537 3767 1816 3817 Convertit
1849 3759 2149 3815 orationem
2175 3763 2240 3813 ad
2276 3761 2634 3819 Constantium

493 3837 629 3901 chalo
653 3847 934 3913 fruentem,
964 3864 1068 3914 quo
1088 3848 1299 3900 ademto
1322 3850 1491 3902 adhuc
1519 3848 1746 3913 supersit
1768 3853 1825 3896 et
1845 3845 2171 3896 Maximiano
2195 3844 2348 3907 filius,
2368 3860 2465 3895 nec
2499 3848 2640 3898 Con·

490 3930 725 3986 stantino
758 3937 912 3996 pater
955 3931 1090 3983 desit
1113 3946 1129 3994 ς
1179 3930 1404 3998 denique
1445 3931 1661 3986 multam
1706 3928 1938 3982 sobolem
1979 3926 2327 3978 Constantino
2372 3937 2640 3992 precatur,

493 4026 611 4079 cap.
631 4025 694 4066 ιι
703 4026 756 4064 v.
