<?xml version="1.0" encoding="UTF-8"?>
<!DOCTYPE html PUBLIC "-//W3C//DTD XHTML 1.0 Transitional//EN"
    "http://www.w3.org/TR/xhtml1/DTD/xhtml1-transitional.dtd">
<html xmlns="http://www.w3.org/1999/xhtml" xml:lang="en" lang="en">
 <head>
  <title>
</title>
<meta http-equiv="Content-Type" content="text/html;charset=utf-8" />
  <meta name='ocr-system' content='tesseract 3.04.00' />
  <meta name='ocr-capabilities' content='ocr_page ocr_carea ocr_par ocr_line ocrx_word'/>
</head>
<body>
  <div class='ocr_page' id='page_1' title='image "./panegyriciveter05baungoog_0457.png"; bbox 0 0 3084 4959; ppageno 0'>
   <div class='ocr_carea' id='block_1_1' title="bbox 959 346 2506 412">
    <p class='ocr_par' dir='ltr' id='par_1_1' title="bbox 959 346 2506 412">
     <span class='ocr_line' id='line_1_1' title="bbox 959 346 2506 412; baseline -0.001 0"><span class='ocrx_word' id='word_1_1' title='bbox 959 363 1296 412; x_wconf 67' lang='lat' dir='ltr'><strong>summo</strong></span> <span class='ocrx_word' id='word_1_2' title='bbox 1343 362 1523 412; x_wconf 80' lang='lat' dir='ltr'><strong>Aue.</strong></span> <span class='ocrx_word' id='word_1_3' title='bbox 1598 362 1711 410; x_wconf 76' lang='lat' dir='ltr'><strong>xi.</strong></span> <span class='ocrx_word' id='word_1_4' title='bbox 1755 346 1864 410; x_wconf 81' lang='lat'><strong>20.</strong></span> <span class='ocrx_word' id='word_1_5' title='bbox 2330 347 2506 411; x_wconf 78' lang='lat'>1525</span> 
     </span>
    </p>
   </div>
   <div class='ocr_carea' id='block_1_2' title="bbox 290 505 2514 2545">
    <p class='ocr_par' dir='ltr' id='par_1_2' title="bbox 304 505 2514 2132">
     <span class='ocr_line' id='line_1_2' title="bbox 314 505 2505 594; baseline -0.002 -17"><span class='ocrx_word' id='word_1_6' title='bbox 314 517 449 590; x_wconf 85' lang='lat' dir='ltr'><strong>tos,</strong></span> <span class='ocrx_word' id='word_1_7' title='bbox 477 515 549 575; x_wconf 85' lang='lat' dir='ltr'><strong>et</strong></span> <span class='ocrx_word' id='word_1_8' title='bbox 576 507 880 594; x_wconf 89' lang='lat' dir='ltr'><strong>repulsos</strong></span> <span class='ocrx_word' id='word_1_9' title='bbox 921 507 1246 573; x_wconf 86' lang='lat' dir='ltr'><strong>Catones.</strong></span> <span class='ocrx_word' id='word_1_10' title='bbox 1335 506 1400 571; x_wconf 82' lang='lat'><strong>3.</strong></span> <span class='ocrx_word' id='word_1_11' title='bbox 1445 505 1583 571; x_wconf 92' lang='lat' dir='ltr'><strong>Sed</strong></span> <span class='ocrx_word' id='word_1_12' title='bbox 1614 505 1762 571; x_wconf 85' lang='lat' dir='ltr'><strong>haec</strong></span> <span class='ocrx_word' id='word_1_13' title='bbox 1789 510 2057 573; x_wconf 82' lang='lat' dir='ltr'><strong>vetusta</strong></span> <span class='ocrx_word' id='word_1_14' title='bbox 2086 505 2246 571; x_wconf 88' lang='lat' dir='ltr'><strong>dent</strong></span> <span class='ocrx_word' id='word_1_15' title='bbox 2286 527 2505 573; x_wconf 88' lang='lat' dir='ltr'><strong>recor-</strong></span> 
     </span>
     <span class='ocr_line' id='line_1_3' title="bbox 316 594 2504 696; baseline -0.001 -17"><span class='ocrx_word' id='word_1_16' title='bbox 316 614 513 691; x_wconf 63' lang='lat' dir='ltr'><strong>dari:</strong></span> <span class='ocrx_word' id='word_1_17' title='bbox 556 610 1114 696; x_wconf 82' lang='lat' dir='ltr'><strong>quemadmodum</strong></span> <span class='ocrx_word' id='word_1_18' title='bbox 1161 609 1364 694; x_wconf 87' lang='lat' dir='ltr'><strong>paulo</strong></span> <span class='ocrx_word' id='word_1_19' title='bbox 1409 615 1564 673; x_wconf 88' lang='lat' dir='ltr'><strong>ante</strong></span> <span class='ocrx_word' id='word_1_20' title='bbox 1610 607 1822 673; x_wconf 90' lang='lat' dir='ltr'><strong>honor</strong></span> <span class='ocrx_word' id='word_1_21' title='bbox 1867 610 2118 694; x_wconf 87' lang='lat' dir='ltr'><strong>petitus</strong></span> <span class='ocrx_word' id='word_1_22' title='bbox 2159 612 2268 675; x_wconf 90' lang='lat' dir='ltr'><strong>sit.</strong></span> <span class='ocrx_word' id='word_1_23' title='bbox 2355 594 2504 679; x_wconf 76' lang='lat' dir='ltr'><strong>Vix</strong></span> 
     </span>
     <span class='ocr_line' id='line_1_4' title="bbox 311 708 2503 800; baseline -0.001 -18"><span class='ocrx_word' id='word_1_24' title='bbox 311 708 514 800; x_wconf 83' lang='lat' dir='ltr'><strong>pauci</strong></span> <span class='ocrx_word' id='word_1_25' title='bbox 542 715 922 791; x_wconf 81' lang='lat' dir='ltr'><strong>extiterunt,</strong></span> <span class='ocrx_word' id='word_1_26' title='bbox 943 733 1218 797; x_wconf 90' lang='lat' dir='ltr'><strong>quorum</strong></span> <span class='ocrx_word' id='word_1_27' title='bbox 1253 712 1601 779; x_wconf 86' lang='lat' dir='ltr'><strong>virtutibus</strong></span> <span class='ocrx_word' id='word_1_28' title='bbox 1631 711 2026 777; x_wconf 86' lang='lat' dir='ltr'><strong>deferretur:</strong></span> <span class='ocrx_word' id='word_1_29' title='bbox 2058 732 2211 777; x_wconf 91' lang='lat' dir='ltr'><strong>cum</strong></span> <span class='ocrx_word' id='word_1_30' title='bbox 2231 714 2503 796; x_wconf 83' lang='lat' dir='ltr'><strong>quidem</strong></span> 
     </span>
     <span class='ocr_line' id='line_1_5' title="bbox 310 813 2501 903; baseline -0.001 -19"><span class='ocrx_word' id='word_1_31' title='bbox 310 818 481 903; x_wconf 89' lang='lat' dir='ltr'><strong>ipsis</strong></span> <span class='ocrx_word' id='word_1_32' title='bbox 540 818 679 883; x_wconf 89' lang='lat' dir='ltr'><strong>illis</strong></span> <span class='ocrx_word' id='word_1_33' title='bbox 709 813 930 897; x_wconf 69' lang='lat' dir='ltr'><strong>{tarda</strong></span> <span class='ocrx_word' id='word_1_34' title='bbox 972 814 1325 880; x_wconf 78' lang='lat' dir='ltr'><strong>industriae</strong></span> <span class='ocrx_word' id='word_1_35' title='bbox 1387 818 1471 879; x_wconf 76' lang='lat' dir='ltr'><strong>ac</strong></span> <span class='ocrx_word' id='word_1_36' title='bbox 1509 815 1884 898; x_wconf 87' lang='lat' dir='ltr'><strong>probitatis</strong></span> <span class='ocrx_word' id='word_1_37' title='bbox 1921 835 2175 881; x_wconf 89' lang='lat' dir='ltr'><strong>merces</strong></span> <span class='ocrx_word' id='word_1_38' title='bbox 2220 817 2501 889; x_wconf 83' lang='lat' dir='ltr'><strong>veniret.</strong></span> 
     </span>
     <span class='ocr_line' id='line_1_6' title="bbox 309 917 2504 1003; baseline -0.001 -17"><span class='ocrx_word' id='word_1_39' title='bbox 309 925 374 987; x_wconf 84' lang='grc'><strong>4.</strong></span> <span class='ocrx_word' id='word_1_40' title='bbox 420 919 642 989; x_wconf 82' lang='lat' dir='ltr'><strong>Ceteri</strong></span> <span class='ocrx_word' id='word_1_41' title='bbox 669 937 828 983; x_wconf 86' lang='lat' dir='ltr'><strong>vero</strong></span> <span class='ocrx_word' id='word_1_42' title='bbox 857 917 1384 1002; x_wconf 88' lang='lat' dir='ltr'><strong>perditissimum</strong></span> <span class='ocrx_word' id='word_1_43' title='bbox 1417 936 1755 1000; x_wconf 91' lang='lat' dir='ltr'><strong>quemque</strong></span> <span class='ocrx_word' id='word_1_44' title='bbox 1793 936 1880 980; x_wconf 86' lang='lat' dir='ltr'><strong>ex</strong></span> <span class='ocrx_word' id='word_1_45' title='bbox 1913 918 2153 982; x_wconf 84' lang='lat' dir='ltr'><strong>aulicis</strong></span> <span class='ocrx_word' id='word_1_46' title='bbox 2195 917 2504 1003; x_wconf 65' lang='lat' dir='ltr'><strong>frequen-2</strong></span> 
     </span>
     <span class='ocr_line' id='line_1_7' title="bbox 312 1017 2504 1106; baseline 0 -18"><span class='ocrx_word' id='word_1_47' title='bbox 312 1025 564 1093; x_wconf 79' lang='lat' dir='ltr'><strong>tabant.</strong></span> <span class='ocrx_word' id='word_1_48' title='bbox 654 1021 777 1087; x_wconf 90' lang='lat' dir='ltr'><strong>Uti</strong></span> <span class='ocrx_word' id='word_1_49' title='bbox 823 1022 1158 1106; x_wconf 83' lang='lat' dir='ltr'><strong>quispiam</strong></span> <span class='ocrx_word' id='word_1_50' title='bbox 1194 1039 1334 1104; x_wconf 80' lang='lat' dir='ltr'><strong>,per</strong></span> <span class='ocrx_word' id='word_1_51' title='bbox 1390 1028 1567 1085; x_wconf 89' lang='lat' dir='ltr'><strong>artes</strong></span> <span class='ocrx_word' id='word_1_52' title='bbox 1627 1020 2050 1103; x_wconf 86' lang='lat' dir='ltr'><strong>turpissimas</strong></span> <span class='ocrx_word' id='word_1_53' title='bbox 2099 1017 2504 1104; x_wconf 83' lang='lat' dir='ltr'><strong>Imperatori</strong></span> 
     </span>
     <span class='ocr_line' id='line_1_8' title="bbox 313 1112 2502 1209; baseline -0.002 -17"><span class='ocrx_word' id='word_1_54' title='bbox 313 1124 834 1209; x_wconf 87' lang='lat' dir='ltr'><strong>acceptissimus</strong></span> <span class='ocrx_word' id='word_1_55' title='bbox 858 1112 1257 1200; x_wconf 64' lang='lat' dir='ltr'><strong>videbatur,</strong></span> <span class='ocrx_word' id='word_1_56' title='bbox 1298 1141 1451 1186; x_wconf 92' lang='lat' dir='ltr'><strong>eum</strong></span> <span class='ocrx_word' id='word_1_57' title='bbox 1503 1120 1801 1186; x_wconf 84' lang='lat' dir='ltr'><strong>assiduis</strong></span> <span class='ocrx_word' id='word_1_58' title='bbox 1852 1121 2197 1205; x_wconf 81' lang='lat' dir='ltr'><strong>obsequiis</strong></span> <span class='ocrx_word' id='word_1_59' title='bbox 2255 1142 2502 1189; x_wconf 74' lang='lat' dir='ltr'><strong>emere-</strong></span> 
     </span>
     <span class='ocr_line' id='line_1_9' title="bbox 310 1223 2514 1309; baseline -0.002 -14"><span class='ocrx_word' id='word_1_60' title='bbox 310 1230 576 1306; x_wconf 80' lang='lat' dir='ltr'><strong>bantur,</strong></span> <span class='ocrx_word' id='word_1_61' title='bbox 627 1225 948 1309; x_wconf 86' lang='lat' dir='ltr'><strong>donisque</strong></span> <span class='ocrx_word' id='word_1_62' title='bbox 1007 1226 1401 1308; x_wconf 86' lang='lat' dir='ltr'><strong>captabant.</strong></span> <span class='ocrx_word' id='word_1_63' title='bbox 1485 1225 1553 1288; x_wconf 84' lang='lat'><strong>5.</strong></span> <span class='ocrx_word' id='word_1_64' title='bbox 1599 1223 1747 1289; x_wconf 86' lang='lat' dir='ltr'><strong>Nec</strong></span> <span class='ocrx_word' id='word_1_65' title='bbox 1796 1224 1975 1287; x_wconf 87' lang='lat' dir='ltr'><strong>viros</strong></span> <span class='ocrx_word' id='word_1_66' title='bbox 2023 1225 2317 1307; x_wconf 87' lang='lat' dir='ltr'><strong>quidem,</strong></span> <span class='ocrx_word' id='word_1_67' title='bbox 2380 1227 2514 1292; x_wconf 81' lang='lat' dir='ltr'><strong>sed&#39;</strong></span> 
     </span>
     <span class='ocr_line' id='line_1_10' title="bbox 308 1327 2501 1412; baseline -0.002 -15"><span class='ocrx_word' id='word_1_68' title='bbox 308 1330 742 1398; x_wconf 84' lang='lat' dir='ltr'><strong>mulierculas</strong></span> <span class='ocrx_word' id='word_1_69' title='bbox 755 1329 1193 1393; x_wconf 80' lang='lat' dir='ltr'><strong>exambibant</strong></span> <span class='ocrx_word' id='word_1_70' title='bbox 1212 1348 1232 1408; x_wconf 81' lang='lat'>3</span> <span class='ocrx_word' id='word_1_71' title='bbox 1253 1347 1377 1392; x_wconf 91' lang='lat' dir='ltr'><strong>nec</strong></span> <span class='ocrx_word' id='word_1_72' title='bbox 1395 1327 1709 1392; x_wconf 87' lang='lat' dir='ltr'><strong>foeminas</strong></span> <span class='ocrx_word' id='word_1_73' title='bbox 1733 1335 2009 1405; x_wconf 89' lang='lat' dir='ltr'><strong>tantum,</strong></span> <span class='ocrx_word' id='word_1_74' title='bbox 2032 1329 2148 1392; x_wconf 89' lang='lat' dir='ltr'><strong>sed</strong></span> <span class='ocrx_word' id='word_1_75' title='bbox 2167 1329 2501 1412; x_wconf 83' lang='lat' dir='ltr'><strong>spadones</strong></span> 
     </span>
     <span class='ocr_line' id='line_1_11' title="bbox 311 1429 2504 1518; baseline 0 -20"><span class='ocrx_word' id='word_1_76' title='bbox 311 1453 601 1518; x_wconf 89' lang='lat' dir='ltr'><strong>quoque,</strong></span> <span class='ocrx_word' id='word_1_77' title='bbox 630 1451 831 1516; x_wconf 82' lang='lat' dir='ltr'><strong>quoS‚</strong></span> <span class='ocrx_word' id='word_1_78' title='bbox 879 1431 1077 1514; x_wconf 88' lang='lat' dir='ltr'><strong>quasi</strong></span> <span class='ocrx_word' id='word_1_79' title='bbox 1107 1450 1150 1494; x_wconf 87' lang='lat' dir='ltr'><strong>a</strong></span> <span class='ocrx_word' id='word_1_80' title='bbox 1180 1431 1521 1495; x_wconf 84' lang='lat' dir='ltr'><strong>consortio</strong></span> <span class='ocrx_word' id='word_1_81' title='bbox 1566 1429 1840 1494; x_wconf 89' lang='lat' dir='ltr'><strong>humani</strong></span> <span class='ocrx_word' id='word_1_82' title='bbox 1888 1432 2145 1511; x_wconf 87' lang='lat' dir='ltr'><strong>generis</strong></span> <span class='ocrx_word' id='word_1_83' title='bbox 2173 1439 2504 1511; x_wconf 85' lang='lat' dir='ltr'><strong>extorres,</strong></span> 
     </span>
     <span class='ocr_line' id='line_1_12' title="bbox 310 1531 2502 1618; baseline -0 -17"><span class='ocrx_word' id='word_1_84' title='bbox 310 1537 398 1602; x_wconf 90' lang='lat' dir='ltr'><strong>ab</strong></span> <span class='ocrx_word' id='word_1_85' title='bbox 427 1543 710 1618; x_wconf 87' lang='lat' dir='ltr'><strong>utroque</strong></span> <span class='ocrx_word' id='word_1_86' title='bbox 742 1553 914 1598; x_wconf 83' lang='lat' dir='ltr'><strong>sexu</strong></span> <span class='ocrx_word' id='word_1_87' title='bbox 945 1540 1064 1598; x_wconf 86' lang='lat' dir='ltr'><strong>aut</strong></span> <span class='ocrx_word' id='word_1_88' title='bbox 1094 1539 1351 1598; x_wconf 77' lang='lat' dir='ltr'><strong>naturae</strong></span> <span class='ocrx_word' id='word_1_89' title='bbox 1379 1533 1592 1615; x_wconf 87' lang='lat' dir='ltr'><strong>origo,</strong></span> <span class='ocrx_word' id='word_1_90' title='bbox 1640 1537 1756 1599; x_wconf 88' lang='lat' dir='ltr'><strong>aut</strong></span> <span class='ocrx_word' id='word_1_91' title='bbox 1799 1531 2032 1597; x_wconf 90' lang='lat' dir='ltr'><strong>clades</strong></span> <span class='ocrx_word' id='word_1_92' title='bbox 2062 1535 2366 1617; x_wconf 88' lang='lat' dir='ltr'><strong>corporis</strong></span> <span class='ocrx_word' id='word_1_93' title='bbox 2397 1555 2502 1600; x_wconf 85' lang='lat' dir='ltr'><strong>se-</strong></span> 
     </span>
     <span class='ocr_line' id='line_1_13' title="bbox 310 1635 2500 1723; baseline -0 -20"><span class='ocrx_word' id='word_1_94' title='bbox 310 1639 596 1723; x_wconf 87' lang='lat' dir='ltr'><strong>paravit.</strong></span> <span class='ocrx_word' id='word_1_95' title='bbox 683 1636 750 1702; x_wconf 83' lang='lat'><strong>6.</strong></span> <span class='ocrx_word' id='word_1_96' title='bbox 798 1636 912 1702; x_wconf 91' lang='lat' dir='ltr'><strong>Ita</strong></span> <span class='ocrx_word' id='word_1_97' title='bbox 956 1637 1282 1719; x_wconf 87' lang='lat' dir='ltr'><strong>praeclara</strong></span> <span class='ocrx_word' id='word_1_98' title='bbox 1313 1635 1434 1701; x_wconf 89' lang='lat' dir='ltr'><strong>illa</strong></span> <span class='ocrx_word' id='word_1_99' title='bbox 1462 1641 1761 1700; x_wconf 87' lang='lat' dir='ltr'><strong>veterum</strong></span> <span class='ocrx_word' id='word_1_100' title='bbox 1812 1636 2091 1702; x_wconf 89' lang='lat' dir='ltr'><strong>nomina</strong></span> <span class='ocrx_word' id='word_1_101' title='bbox 2120 1637 2500 1703; x_wconf 89' lang='lat' dir='ltr'><strong>sordidissi-</strong></span> 
     </span>
     <span class='ocr_line' id='line_1_14' title="bbox 308 1738 2505 1824; baseline 0 -20"><span class='ocrx_word' id='word_1_102' title='bbox 308 1761 487 1804; x_wconf 89' lang='lat' dir='ltr'><strong>mum</strong></span> <span class='ocrx_word' id='word_1_103' title='bbox 519 1759 858 1824; x_wconf 88' lang='lat' dir='ltr'><strong>quemque</strong></span> <span class='ocrx_word' id='word_1_104' title='bbox 908 1759 996 1804; x_wconf 84' lang='lat' dir='ltr'><strong>ex</strong></span> <span class='ocrx_word' id='word_1_105' title='bbox 1025 1739 1297 1803; x_wconf 88' lang='lat' dir='ltr'><strong>cohorte</strong></span> <span class='ocrx_word' id='word_1_106' title='bbox 1340 1739 1786 1821; x_wconf 86' lang='lat' dir='ltr'><strong>imperatoria,</strong></span> <span class='ocrx_word' id='word_1_107' title='bbox 1815 1738 2019 1803; x_wconf 88' lang='lat' dir='ltr'><strong>etiam</strong></span> <span class='ocrx_word' id='word_1_108' title='bbox 2063 1741 2505 1821; x_wconf 87' lang='lat' dir='ltr'><strong>probrosissi-</strong></span> 
     </span>
     <span class='ocr_line' id='line_1_15' title="bbox 304 1839 2497 1933; baseline -0 -25"><span class='ocrx_word' id='word_1_109' title='bbox 304 1863 488 1908; x_wconf 92' lang='lat' dir='ltr'><strong>mum</strong></span> <span class='ocrx_word' id='word_1_110' title='bbox 521 1839 919 1909; x_wconf 76' lang='lat' dir='ltr'><strong>adulabant.j</strong></span> <span class='ocrx_word' id='word_1_111' title='bbox 1007 1844 1074 1907; x_wconf 86' lang='lat'><strong>7.</strong></span> <span class='ocrx_word' id='word_1_112' title='bbox 1121 1841 1247 1916; x_wconf 88' lang='lat' dir='ltr'><strong>Hi,</strong></span> <span class='ocrx_word' id='word_1_113' title='bbox 1277 1861 1429 1906; x_wconf 89' lang='lat' dir='ltr'><strong>cum</strong></span> <span class='ocrx_word' id='word_1_114' title='bbox 1462 1840 1531 1903; x_wconf 91' lang='lat' dir='ltr'><strong>in</strong></span> <span class='ocrx_word' id='word_1_115' title='bbox 1561 1840 1946 1924; x_wconf 88' lang='lat' dir='ltr'><strong>provincias</strong></span> <span class='ocrx_word' id='word_1_116' title='bbox 1976 1842 2262 1906; x_wconf 87' lang='lat' dir='ltr'><strong>immissi</strong></span> <span class='ocrx_word' id='word_1_117' title='bbox 2286 1850 2497 1933; x_wconf 82' lang='lat' dir='ltr'><strong>erant,</strong></span> 
     </span>
     <span class='ocr_line' id='line_1_16' title="bbox 309 1928 2506 2029; baseline 0 -18"><span class='ocrx_word' id='word_1_118' title='bbox 309 1965 449 2029; x_wconf 81' lang='lat' dir='ltr'><strong>qua</strong></span> <span class='ocrx_word' id='word_1_119' title='bbox 479 1965 695 2023; x_wconf 89' lang='lat' dir='ltr'><strong>sacra,</strong></span> <span class='ocrx_word' id='word_1_120' title='bbox 726 1965 861 2029; x_wconf 89' lang='lat' dir='ltr'><strong>qua</strong></span> <span class='ocrx_word' id='word_1_121' title='bbox 889 1933 1168 2029; x_wconf 78' lang='lat' dir='ltr'><strong>profana</strong></span> <span class='ocrx_word' id='word_1_122' title='bbox 1197 1945 1572 2029; x_wconf 87' lang='lat' dir='ltr'><strong>rapiebant,</strong></span> <span class='ocrx_word' id='word_1_123' title='bbox 1610 1946 1736 2009; x_wconf 89' lang='lat' dir='ltr'><strong>iter</strong></span> <span class='ocrx_word' id='word_1_124' title='bbox 1778 1928 1911 2009; x_wconf 86' lang='lat' dir='ltr'><strong>sibi</strong></span> <span class='ocrx_word' id='word_1_125' title='bbox 1956 1944 2043 2007; x_wconf 89' lang='lat' dir='ltr'><strong>ad</strong></span> <span class='ocrx_word' id='word_1_126' title='bbox 2084 1947 2506 2011; x_wconf 87' lang='lat' dir='ltr'><strong>consulatum</strong></span> 
     </span>
     <span class='ocr_line' id='line_1_17' title="bbox 305 2049 1018 2132; baseline -0.004 -19"><span class='ocrx_word' id='word_1_127' title='bbox 305 2049 601 2132; x_wconf 80' lang='lat' dir='ltr'><strong>pecunia</strong></span> <span class='ocrx_word' id='word_1_128' title='bbox 622 2049 1018 2113; x_wconf 59' lang='lat' dir='ltr'><strong>munientes</strong></span> 
     </span>
    </p>

    <p class='ocr_par' dir='ltr' id='par_1_3' title="bbox 290 2134 2508 2545">
     <span class='ocr_line' id='line_1_18' title="bbox 290 2134 2508 2241; baseline -0 -25"><span class='ocrx_word' id='word_1_129' title='bbox 290 2134 299 2149; x_wconf 52' lang='lat'><strong>.</strong></span> <span class='ocrx_word' id='word_1_130' title='bbox 396 2150 579 2216; x_wconf 82' lang='lat' dir='ltr'><strong>CAP.</strong></span> <span class='ocrx_word' id='word_1_131' title='bbox 626 2167 769 2215; x_wconf 81' lang='lat' dir='ltr'><strong>xx.</strong></span> <span class='ocrx_word' id='word_1_132' title='bbox 845 2151 908 2216; x_wconf 85' lang='lat'><strong>1.</strong></span> <span class='ocrx_word' id='word_1_133' title='bbox 957 2150 1197 2235; x_wconf 87' lang='lat' dir='ltr'><strong>Itaque</strong></span> <span class='ocrx_word' id='word_1_134' title='bbox 1239 2150 1497 2214; x_wconf 90' lang='lat' dir='ltr'><strong>nullum</strong></span> <span class='ocrx_word' id='word_1_135' title='bbox 1530 2150 1671 2234; x_wconf 86' lang='lat' dir='ltr'><strong>jam</strong></span> <span class='ocrx_word' id='word_1_136' title='bbox 1719 2156 1857 2216; x_wconf 86' lang='lat' dir='ltr'><strong>erat</strong></span> <span class='ocrx_word' id='word_1_137' title='bbox 1894 2151 2214 2225; x_wconf 84' lang='lat' dir='ltr'><strong>bonarum</strong></span> <span class='ocrx_word' id='word_1_138' title='bbox 2262 2151 2508 2241; x_wconf 68' lang='lat' dir='ltr'><strong>artium</strong></span> 
     </span>
     <span class='ocr_line' id='line_1_19' title="bbox 307 2250 2500 2337; baseline 0 -19"><span class='ocrx_word' id='word_1_139' title='bbox 307 2253 630 2328; x_wconf 84' lang='lat' dir='ltr'><strong>studium.</strong></span> <span class='ocrx_word' id='word_1_140' title='bbox 719 2253 999 2321; x_wconf 13' lang='lat' dir='ltr'><strong>Militiae*</strong></span> <span class='ocrx_word' id='word_1_141' title='bbox 1035 2253 1225 2317; x_wconf 86' lang='lat' dir='ltr'><strong>labor</strong></span> <span class='ocrx_word' id='word_1_142' title='bbox 1256 2271 1298 2316; x_wconf 88' lang='lat' dir='ltr'><strong>a</strong></span> <span class='ocrx_word' id='word_1_143' title='bbox 1321 2253 1747 2336; x_wconf 68' lang='lat' dir='ltr'><strong>nobilissimo</strong></span> <span class='ocrx_word' id='word_1_144' title='bbox 1779 2272 2047 2337; x_wconf 92' lang='lat' dir='ltr'><strong>quoque</strong></span> <span class='ocrx_word' id='word_1_145' title='bbox 2077 2272 2198 2336; x_wconf 87' lang='lat' dir='ltr'><strong>pro</strong></span> <span class='ocrx_word' id='word_1_146' title='bbox 2229 2250 2500 2318; x_wconf 88' lang='lat' dir='ltr'><strong>sordido</strong></span> 
     </span>
     <span class='ocr_line' id='line_1_20' title="bbox 306 2355 2508 2449; baseline -0.002 -24"><span class='ocrx_word' id='word_1_147' title='bbox 306 2364 376 2425; x_wconf 87' lang='lat' dir='ltr'><strong>et</strong></span> <span class='ocrx_word' id='word_1_148' title='bbox 400 2356 714 2424; x_wconf 86' lang='lat' dir='ltr'><strong>illiberali</strong></span> <span class='ocrx_word' id='word_1_149' title='bbox 752 2357 1192 2442; x_wconf 87' lang='lat' dir='ltr'><strong>rejiciebatur.</strong></span> <span class='ocrx_word' id='word_1_150' title='bbox 1279 2355 1327 2422; x_wconf 83' lang='lat' dir='ltr'><strong>J</strong></span> <span class='ocrx_word' id='word_1_151' title='bbox 1332 2357 1465 2422; x_wconf 74' lang='lat' dir='ltr'><strong>uris</strong></span> <span class='ocrx_word' id='word_1_152' title='bbox 1502 2357 1725 2422; x_wconf 88' lang='lat' dir='ltr'><strong>civilis</strong></span> <span class='ocrx_word' id='word_1_153' title='bbox 1756 2356 2061 2432; x_wconf 87' lang='lat' dir='ltr'><strong>scientia,</strong></span> <span class='ocrx_word' id='word_1_154' title='bbox 2093 2375 2247 2440; x_wconf 82' lang='lat' dir='ltr'><strong>quae</strong></span> <span class='ocrx_word' id='word_1_155' title='bbox 2280 2355 2508 2449; x_wconf 55' lang='lat' dir='ltr'><strong>Mani-⁸</strong></span> 
     </span>
     <span class='ocr_line' id='line_1_21' title="bbox 303 2448 2500 2545; baseline -0.003 -16"><span class='ocrx_word' id='word_1_156' title='bbox 303 2459 489 2543; x_wconf 78' lang='lat' dir='ltr'><strong>lios,¹=</strong></span> <span class='ocrx_word' id='word_1_157' title='bbox 532 2452 927 2540; x_wconf 78' lang='lat' dir='ltr'><strong>ScaevolaS,¹</strong></span> <span class='ocrx_word' id='word_1_158' title='bbox 970 2452 1250 2526; x_wconf 87' lang='lat' dir='ltr'><strong>Servios</strong></span> <span class='ocrx_word' id='word_1_159' title='bbox 1274 2467 1316 2495; x_wconf 80' lang='lat'><strong>¹¹¹</strong></span> <span class='ocrx_word' id='word_1_160' title='bbox 1360 2461 1430 2524; x_wconf 90' lang='lat' dir='ltr'><strong>in</strong></span> <span class='ocrx_word' id='word_1_161' title='bbox 1460 2456 1947 2545; x_wconf 85' lang='lat' dir='ltr'><strong>amplissimum</strong></span> <span class='ocrx_word' id='word_1_162' title='bbox 1977 2448 2256 2544; x_wconf 81' lang='lat' dir='ltr'><strong>gradum</strong></span> <span class='ocrx_word' id='word_1_163' title='bbox 2288 2458 2500 2543; x_wconf 89' lang='lat' dir='ltr'><strong>digni-</strong></span> 
     </span>
    </p>
   </div>
   <div class='ocr_carea' id='block_1_3' title="bbox 368 2628 1046 2694">
    <p class='ocr_par' dir='ltr' id='par_1_4' title="bbox 368 2628 1046 2694">
     <span class='ocr_line' id='line_1_22' title="bbox 368 2628 1046 2694; baseline -0.003 0"><span class='ocrx_word' id='word_1_164' title='bbox 368 2652 392 2677; x_wconf 83' lang='lat'><em>⁰</em></span> <span class='ocrx_word' id='word_1_165' title='bbox 427 2628 663 2694; x_wconf 60' lang='lat' dir='ltr'><strong>&amp;evocent</strong></span> <span class='ocrx_word' id='word_1_166' title='bbox 683 2644 736 2694; x_wconf 77' lang='lat' dir='ltr'><strong>in</strong></span> <span class='ocrx_word' id='word_1_167' title='bbox 758 2643 1046 2694; x_wconf 80' lang='lat' dir='ltr'><strong>memoriam.</strong></span> 
     </span>
    </p>
   </div>
   <div class='ocr_carea' id='block_1_4' title="bbox 1226 2721 1589 2745">
    <p class='ocr_par' dir='ltr' id='par_1_5' title="bbox 1226 2721 1589 2745">
     <span class='ocr_line' id='line_1_23' title="bbox 1226 2721 1589 2745; baseline -0.003 -2"><span class='ocrx_word' id='word_1_168' title='bbox 1226 2721 1525 2745; x_wconf 55' lang='grc' dir='ltr'><strong>θθθθθθθ</strong></span> <span class='ocrx_word' id='word_1_169' title='bbox 1527 2721 1589 2742; x_wconf 60' lang='grc' dir='ltr'><strong><em>Ν</em></strong></span> 
     </span>
    </p>
   </div>
   <div class='ocr_carea' id='block_1_5' title="bbox 280 2818 2504 3411">
    <p class='ocr_par' dir='ltr' id='par_1_6' title="bbox 280 2818 2504 3411">
     <span class='ocr_line' id='line_1_24' title="bbox 280 2818 2502 2885; baseline -0 -14"><span class='ocrx_word' id='word_1_170' title='bbox 280 2819 446 2885; x_wconf 83' lang='lat' dir='ltr'><strong>&#39;conj.</strong></span> <span class='ocrx_word' id='word_1_171' title='bbox 469 2819 737 2871; x_wconf 57' lang='grc' dir='ltr'><strong>Πενία-3</strong></span> <span class='ocrx_word' id='word_1_172' title='bbox 772 2820 902 2872; x_wconf 87' lang='lat' dir='ltr'><strong>Exc.</strong></span> <span class='ocrx_word' id='word_1_173' title='bbox 924 2821 1215 2873; x_wconf 82' lang='lat' dir='ltr'><strong>Schonhov.</strong></span> <span class='ocrx_word' id='word_1_174' title='bbox 1238 2831 1294 2873; x_wconf 89' lang='lat' dir='ltr'><strong>et</strong></span> <span class='ocrx_word' id='word_1_175' title='bbox 1323 2821 1490 2873; x_wconf 85' lang='lat' dir='ltr'><strong>Livin.</strong></span> <span class='ocrx_word' id='word_1_176' title='bbox 1527 2823 1697 2872; x_wconf 80' lang='lat' dir='ltr'><strong>debent</strong></span> <span class='ocrx_word' id='word_1_177' title='bbox 1725 2818 1999 2880; x_wconf 72' lang='lat' dir='ltr'><strong>recordor-i,-</strong></span> <span class='ocrx_word' id='word_1_178' title='bbox 2033 2818 2249 2880; x_wconf 82' lang='lat' dir='ltr'><strong>cuspin.</strong></span> <span class='ocrx_word' id='word_1_179' title='bbox 2269 2820 2404 2869; x_wconf 79' lang='lat' dir='ltr'><strong>debet</strong></span> <span class='ocrx_word' id='word_1_180' title='bbox 2425 2835 2502 2870; x_wconf 84' lang='lat' dir='ltr'><strong>re·</strong></span> 
     </span>
     <span class='ocr_line' id='line_1_25' title="bbox 308 2884 2503 2951; baseline -0.001 -15"><span class='ocrx_word' id='word_1_181' title='bbox 308 2886 529 2944; x_wconf 58' lang='lat' dir='ltr'><strong>cordam</strong></span> <span class='ocrx_word' id='word_1_182' title='bbox 562 2886 687 2936; x_wconf 89' lang='lat' dir='ltr'><strong>Vet.</strong></span> <span class='ocrx_word' id='word_1_183' title='bbox 713 2885 878 2936; x_wconf 76' lang='lat' dir='ltr'><strong>Livio.</strong></span> <span class='ocrx_word' id='word_1_184' title='bbox 903 2888 1091 2951; x_wconf 87' lang='lat' dir='ltr'><strong>aliique</strong></span> <span class='ocrx_word' id='word_1_185' title='bbox 1127 2904 1324 2948; x_wconf 88' lang='lat' dir='ltr'><strong>omnes,</strong></span> <span class='ocrx_word' id='word_1_186' title='bbox 1359 2891 1475 2938; x_wconf 79' lang='lat' dir='ltr'><strong>dent</strong></span> <span class='ocrx_word' id='word_1_187' title='bbox 1507 2888 1761 2937; x_wconf 78' lang='lat' dir='ltr'><strong>recordari.</strong></span> <span class='ocrx_word' id='word_1_188' title='bbox 1828 2887 1976 2947; x_wconf 87' lang='lat' dir='ltr'><strong>Mox,</strong></span> <span class='ocrx_word' id='word_1_189' title='bbox 2014 2884 2243 2947; x_wconf 85' lang='lat' dir='ltr'><strong>Guelpb.</strong></span> <span class='ocrx_word' id='word_1_190' title='bbox 2276 2887 2503 2948; x_wconf 78' lang='lat' dir='ltr'><strong>repetitus</strong></span> 
     </span>
     <span class='ocr_line' id='line_1_26' title="bbox 305 2949 2503 3016; baseline -0.003 -11"><span class='ocrx_word' id='word_1_191' title='bbox 305 2952 391 3005; x_wconf 65' lang='lat' dir='ltr'><strong>sil.</strong></span> <span class='ocrx_word' id='word_1_192' title='bbox 430 2951 446 2978; x_wconf 90' lang='lat'>‘</span> <span class='ocrx_word' id='word_1_193' title='bbox 472 2951 624 3001; x_wconf 83' lang='lat' dir='ltr'><strong>Idem</strong></span> <span class='ocrx_word' id='word_1_194' title='bbox 645 2951 828 3006; x_wconf 83' lang='lat' dir='ltr'><strong>codex,</strong></span> <span class='ocrx_word' id='word_1_195' title='bbox 849 2952 969 3016; x_wconf 73' lang='lat' dir='ltr'><strong>ipsis</strong></span> <span class='ocrx_word' id='word_1_196' title='bbox 988 2954 1108 3013; x_wconf 77' lang='lat' dir='ltr'><strong>ina,-</strong></span> <span class='ocrx_word' id='word_1_197' title='bbox 1143 2971 1241 3004; x_wconf 84' lang='lat' dir='ltr'><strong>non</strong></span> <span class='ocrx_word' id='word_1_198' title='bbox 1262 2955 1425 3003; x_wconf 80' lang='lat' dir='ltr'><strong>male:</strong></span> <span class='ocrx_word' id='word_1_199' title='bbox 1463 2954 1699 3003; x_wconf 82' lang='lat' dir='ltr'><strong>nimirum</strong></span> <span class='ocrx_word' id='word_1_200' title='bbox 1722 2952 2019 3002; x_wconf 80' lang='lat' dir='ltr'><strong>consulatus</strong></span> <span class='ocrx_word' id='word_1_201' title='bbox 2035 2949 2231 3000; x_wconf 86' lang='lat' dir='ltr'><strong>honor.&#39;</strong></span> <span class='ocrx_word' id='word_1_202' title='bbox 2262 2950 2503 3000; x_wconf 65' lang='lat' dir='ltr'><strong>Arna.—</strong></span> 
     </span>
     <span class='ocr_line' id='line_1_27' title="bbox 305 3015 2504 3080; baseline -0.002 -14"><span class='ocrx_word' id='word_1_203' title='bbox 305 3021 340 3066; x_wconf 82' lang='lat'>4</span> <span class='ocrx_word' id='word_1_204' title='bbox 379 3015 467 3066; x_wconf 74' lang='lat' dir='ltr'><strong>Uti</strong></span> <span class='ocrx_word' id='word_1_205' title='bbox 487 3017 677 3080; x_wconf 74' lang='lat' dir='ltr'><strong>quisque</strong></span> <span class='ocrx_word' id='word_1_206' title='bbox 696 3032 780 3080; x_wconf 81' lang='lat' dir='ltr'><strong>per</strong></span> <span class='ocrx_word' id='word_1_207' title='bbox 799 3022 928 3067; x_wconf 80' lang='lat' dir='ltr'><strong>artes</strong></span> <span class='ocrx_word' id='word_1_208' title='bbox 949 3018 1072 3068; x_wconf 83' lang='lat' dir='ltr'><strong>Vet.</strong></span> <span class='ocrx_word' id='word_1_209' title='bbox 1097 3020 1266 3070; x_wconf 88' lang='lat' dir='ltr'><strong>Livin.</strong></span> <span class='ocrx_word' id='word_1_210' title='bbox 1296 3023 1311 3048; x_wconf 92' lang='lat'>‘</span> <span class='ocrx_word' id='word_1_211' title='bbox 1330 3020 1455 3068; x_wconf 77' lang='lat' dir='ltr'><strong>satis</strong></span> <span class='ocrx_word' id='word_1_212' title='bbox 1480 3017 1651 3068; x_wconf 86' lang='lat' dir='ltr'><strong>bene.&#39;</strong></span> <span class='ocrx_word' id='word_1_213' title='bbox 1682 3019 1869 3079; x_wconf 79' lang='lat' dir='ltr'><strong>Joeger.</strong></span> <span class='ocrx_word' id='word_1_214' title='bbox 1919 3032 2026 3065; x_wconf 82' lang='lat' dir='ltr'><strong>cum</strong></span> <span class='ocrx_word' id='word_1_215' title='bbox 2047 3015 2263 3066; x_wconf 76' lang='lat' dir='ltr'><strong>adsiduis</strong></span> <span class='ocrx_word' id='word_1_216' title='bbox 2286 3015 2504 3078; x_wconf 84' lang='lat' dir='ltr'><strong>Cuspin.</strong></span> 
     </span>
     <span class='ocr_line' id='line_1_28' title="bbox 305 3078 2500 3146; baseline -0.001 -15"><span class='ocrx_word' id='word_1_217' title='bbox 305 3087 364 3131; x_wconf 88' lang='lat' dir='ltr'><strong>et</strong></span> <span class='ocrx_word' id='word_1_218' title='bbox 389 3082 517 3132; x_wconf 82' lang='lat' dir='ltr'><strong>Exc.</strong></span> <span class='ocrx_word' id='word_1_219' title='bbox 543 3078 831 3131; x_wconf 85' lang='lat' dir='ltr'><strong>Schonhov.</strong></span> <span class='ocrx_word' id='word_1_220' title='bbox 897 3082 1004 3132; x_wconf 90' lang='lat' dir='ltr'><strong>Pro</strong></span> <span class='ocrx_word' id='word_1_221' title='bbox 1025 3085 1368 3139; x_wconf 77' lang='lat' dir='ltr'><strong>emerebantur,</strong></span> <span class='ocrx_word' id='word_1_222' title='bbox 1393 3085 1607 3134; x_wconf 87' lang='lat' dir='ltr'><strong>Ritters.</strong></span> <span class='ocrx_word' id='word_1_223' title='bbox 1631 3084 1771 3146; x_wconf 85' lang='lat' dir='ltr'><strong>conj.</strong></span> <span class='ocrx_word' id='word_1_224' title='bbox 1801 3081 2173 3138; x_wconf 78' lang='lat' dir='ltr'><strong>demerebantur,</strong></span> <span class='ocrx_word' id='word_1_225' title='bbox 2198 3080 2333 3143; x_wconf 85' lang='lat' dir='ltr'><strong>qnod</strong></span> <span class='ocrx_word' id='word_1_226' title='bbox 2358 3095 2500 3129; x_wconf 86' lang='lat' dir='ltr'><strong>rece·</strong></span> 
     </span>
     <span class='ocr_line' id='line_1_29' title="bbox 304 3145 2502 3212; baseline 0.001 -19"><span class='ocrx_word' id='word_1_227' title='bbox 304 3147 389 3211; x_wconf 79' lang='lat' dir='ltr'><strong>pit</strong></span> <span class='ocrx_word' id='word_1_228' title='bbox 411 3147 740 3196; x_wconf 76' lang='lat' dir='ltr'><strong>PataroL—t3</strong></span> <span class='ocrx_word' id='word_1_229' title='bbox 775 3148 991 3212; x_wconf 89' lang='lat' dir='ltr'><strong>Cuspin.</strong></span> <span class='ocrx_word' id='word_1_230' title='bbox 1031 3149 1260 3199; x_wconf 78' lang='lat' dir='ltr'><strong>Rhenan.</strong></span> <span class='ocrx_word' id='word_1_231' title='bbox 1297 3151 1476 3211; x_wconf 83' lang='lat' dir='ltr'><strong>Ste&#39;ph.</strong></span> <span class='ocrx_word' id='word_1_232' title='bbox 1514 3148 1679 3198; x_wconf 83' lang='lat' dir='ltr'><strong>Livin.</strong></span> <span class='ocrx_word' id='word_1_233' title='bbox 1721 3156 1777 3197; x_wconf 89' lang='lat' dir='ltr'><strong>et</strong></span> <span class='ocrx_word' id='word_1_234' title='bbox 1814 3147 1985 3196; x_wconf 83' lang='lat' dir='ltr'><strong>Riviu.</strong></span> <span class='ocrx_word' id='word_1_235' title='bbox 2007 3152 2056 3197; x_wconf 82' lang='lat' dir='ltr'><strong>et</strong></span> <span class='ocrx_word' id='word_1_236' title='bbox 2076 3145 2502 3209; x_wconf 71' lang='lat' dir='ltr'><strong>improbissimum,-</strong></span> 
     </span>
     <span class='ocr_line' id='line_1_30' title="bbox 307 3212 2504 3279; baseline 0.001 -18"><span class='ocrx_word' id='word_1_237' title='bbox 307 3213 434 3261; x_wconf 82' lang='lat' dir='ltr'><strong>Vet.</strong></span> <span class='ocrx_word' id='word_1_238' title='bbox 459 3213 686 3262; x_wconf 84' lang='lat' dir='ltr'><strong>Putean.</strong></span> <span class='ocrx_word' id='word_1_239' title='bbox 713 3214 913 3262; x_wconf 84' lang='lat' dir='ltr'><strong>Bertin.</strong></span> <span class='ocrx_word' id='word_1_240' title='bbox 937 3214 1107 3264; x_wconf 86' lang='lat' dir='ltr'><strong>Moerl.</strong></span> <span class='ocrx_word' id='word_1_241' title='bbox 1130 3220 1177 3264; x_wconf 86' lang='lat' dir='ltr'><strong>et</strong></span> <span class='ocrx_word' id='word_1_242' title='bbox 1196 3215 1602 3279; x_wconf 68' lang='lat' dir='ltr'><strong>probrosissimum</strong></span> <span class='ocrx_word' id='word_1_243' title='bbox 1619 3231 1640 3273; x_wconf 82' lang='lat'><strong>,-</strong></span> <span class='ocrx_word' id='word_1_244' title='bbox 1672 3213 1895 3277; x_wconf 79' lang='lat' dir='ltr'><strong>Guelpb.</strong></span> <span class='ocrx_word' id='word_1_245' title='bbox 1912 3212 2058 3262; x_wconf 80' lang='lat' dir='ltr'><strong>etiam</strong></span> <span class='ocrx_word' id='word_1_246' title='bbox 2070 3212 2504 3275; x_wconf 67' lang='lat' dir='ltr'><strong>probrosissimum:</strong></span> 
     </span>
     <span class='ocr_line' id='line_1_31' title="bbox 306 3276 2501 3342; baseline 0.001 -18"><span class='ocrx_word' id='word_1_247' title='bbox 306 3276 430 3326; x_wconf 85' lang='lat' dir='ltr'><strong>Vet.</strong></span> <span class='ocrx_word' id='word_1_248' title='bbox 457 3279 622 3331; x_wconf 76' lang='lat' dir='ltr'><strong>Livio.</strong></span> <span class='ocrx_word' id='word_1_249' title='bbox 643 3283 693 3327; x_wconf 82' lang='lat' dir='ltr'><strong>et</strong></span> <span class='ocrx_word' id='word_1_250' title='bbox 709 3280 1054 3342; x_wconf 75' lang='lat' dir='ltr'><strong>probissimum.</strong></span> <span class='ocrx_word' id='word_1_251' title='bbox 1124 3281 1231 3330; x_wconf 85' lang='lat' dir='ltr'><strong>Pro</strong></span> <span class='ocrx_word' id='word_1_252' title='bbox 1251 3281 1527 3337; x_wconf 72' lang='lat' dir='ltr'><strong>adulabant,</strong></span> <span class='ocrx_word' id='word_1_253' title='bbox 1547 3280 1835 3331; x_wconf 82' lang='lat' dir='ltr'><strong>Schonhov.</strong></span> <span class='ocrx_word' id='word_1_254' title='bbox 1854 3278 1988 3342; x_wconf 83' lang='lat' dir='ltr'><strong>conj.</strong></span> <span class='ocrx_word' id='word_1_255' title='bbox 2000 3276 2259 3328; x_wconf 74' lang='lat' dir='ltr'><strong>adorabant</strong></span> <span class='ocrx_word' id='word_1_256' title='bbox 2272 3291 2294 3333; x_wconf 75' lang='lat'><strong>,⁶</strong></span> <span class='ocrx_word' id='word_1_257' title='bbox 2325 3277 2501 3327; x_wconf 84' lang='lat' dir='ltr'><strong>Moerl.</strong></span> 
     </span>
     <span class='ocr_line' id='line_1_32' title="bbox 306 3342 1950 3411; baseline 0.002 -20"><span class='ocrx_word' id='word_1_258' title='bbox 306 3342 733 3395; x_wconf 59' lang='lat' dir='ltr'><strong>adamatum—7</strong></span> <span class='ocrx_word' id='word_1_259' title='bbox 766 3345 941 3396; x_wconf 86' lang='lat' dir='ltr'><strong>Moerl.</strong></span> <span class='ocrx_word' id='word_1_260' title='bbox 965 3353 1022 3396; x_wconf 88' lang='lat' dir='ltr'><strong>et</strong></span> <span class='ocrx_word' id='word_1_261' title='bbox 1043 3345 1186 3399; x_wconf 76' lang='lat' dir='ltr'><strong>oud.</strong></span> <span class='ocrx_word' id='word_1_262' title='bbox 1208 3347 1365 3397; x_wconf 77' lang='lat' dir='ltr'><strong>omnia</strong></span> <span class='ocrx_word' id='word_1_263' title='bbox 1384 3362 1538 3411; x_wconf 75' lang='lat' dir='ltr'><strong>sacra,</strong></span> <span class='ocrx_word' id='word_1_264' title='bbox 1561 3345 1718 3396; x_wconf 75' lang='lat' dir='ltr'><strong>munia</strong></span> <span class='ocrx_word' id='word_1_265' title='bbox 1733 3345 1950 3411; x_wconf 70' lang='lat' dir='ltr'><strong>prqsuna·</strong></span> 
     </span>
    </p>
   </div>
   <div class='ocr_carea' id='block_1_6' title="bbox 1295 3493 1509 3545">
    <p class='ocr_par' dir='ltr' id='par_1_7' title="bbox 1295 3493 1509 3545">
     <span class='ocr_line' id='line_1_33' title="bbox 1295 3493 1509 3545; baseline 0 0"><span class='ocrx_word' id='word_1_266' title='bbox 1295 3493 1509 3545; x_wconf 76' lang='lat' dir='ltr'><strong>NOTAE</strong></span> 
     </span>
    </p>
   </div>
   <div class='ocr_carea' id='block_1_7' title="bbox 301 3584 2552 4334">
    <p class='ocr_par' dir='ltr' id='par_1_8' title="bbox 301 3584 2552 4334">
     <span class='ocr_line' id='line_1_34' title="bbox 307 3584 2499 3654; baseline -0 -21"><span class='ocrx_word' id='word_1_267' title='bbox 307 3584 478 3647; x_wconf 79' lang='lat' dir='ltr'><strong>ipsum</strong></span> <span class='ocrx_word' id='word_1_268' title='bbox 500 3584 664 3636; x_wconf 84' lang='lat' dir='ltr'><strong>refert</strong></span> <span class='ocrx_word' id='word_1_269' title='bbox 688 3586 887 3636; x_wconf 78' lang='lat' dir='ltr'><strong>Seneca</strong></span> <span class='ocrx_word' id='word_1_270' title='bbox 908 3588 1085 3639; x_wconf 85' lang='lat' dir='ltr'><strong>libello</strong></span> <span class='ocrx_word' id='word_1_271' title='bbox 1117 3589 1288 3654; x_wconf 82' lang='lat' dir='ltr'><strong>‘quod</strong></span> <span class='ocrx_word' id='word_1_272' title='bbox 1312 3590 1365 3640; x_wconf 88' lang='lat' dir='ltr'><strong>in</strong></span> <span class='ocrx_word' id='word_1_273' title='bbox 1502 3588 1529 3624; x_wconf 69' lang='lat'><strong>¹¹</strong></span> <span class='ocrx_word' id='word_1_274' title='bbox 1562 3589 1793 3641; x_wconf 73' lang='lat' dir='ltr'><strong>Manilius</strong></span> <span class='ocrx_word' id='word_1_275' title='bbox 1830 3586 2092 3652; x_wconf 70' lang='lat' dir='ltr'><strong>[Manlios]</strong></span> <span class='ocrx_word' id='word_1_276' title='bbox 2145 3586 2205 3635; x_wconf 87' lang='lat' dir='ltr'><strong>T.</strong></span> <span class='ocrx_word' id='word_1_277' title='bbox 2242 3584 2499 3634; x_wconf 78' lang='lat' dir='ltr'><strong>Manlium</strong></span> 
     </span>
     <span class='ocr_line' id='line_1_35' title="bbox 308 3661 2501 3730; baseline -0.001 -18"><span class='ocrx_word' id='word_1_278' title='bbox 308 3661 598 3723; x_wconf 75' lang='lat' dir='ltr'><strong>sapientem</strong></span> <span class='ocrx_word' id='word_1_279' title='bbox 630 3676 733 3712; x_wconf 87' lang='lat' dir='ltr'><strong>non</strong></span> <span class='ocrx_word' id='word_1_280' title='bbox 755 3662 897 3712; x_wconf 77' lang='lat' dir='ltr'><strong>cadit</strong></span> <span class='ocrx_word' id='word_1_281' title='bbox 927 3664 1152 3727; x_wconf 62' lang='lat' dir='ltr'><strong>injuria?</strong></span> <span class='ocrx_word' id='word_1_282' title='bbox 1219 3666 1366 3716; x_wconf 84' lang='lat' dir='ltr'><strong>Idem</strong></span> <span class='ocrx_word' id='word_1_283' title='bbox 1439 3665 1706 3728; x_wconf 74' lang='lat' dir='ltr'><strong>inteiligit,</strong></span> <span class='ocrx_word' id='word_1_284' title='bbox 1726 3680 1878 3730; x_wconf 81' lang='lat' dir='ltr'><strong>quem</strong></span> <span class='ocrx_word' id='word_1_285' title='bbox 1900 3664 2015 3713; x_wconf 80' lang='lat' dir='ltr'><strong>Val.</strong></span> <span class='ocrx_word' id='word_1_286' title='bbox 2037 3662 2183 3711; x_wconf 76' lang='lat' dir='ltr'><strong>Max.</strong></span> <span class='ocrx_word' id='word_1_287' title='bbox 2205 3675 2257 3710; x_wconf 83' lang='lat' dir='ltr'><strong>v.</strong></span> <span class='ocrx_word' id='word_1_288' title='bbox 2278 3666 2325 3712; x_wconf 85' lang='lat'><strong>8.</strong></span> <span class='ocrx_word' id='word_1_289' title='bbox 2343 3661 2501 3724; x_wconf 76' lang='lat' dir='ltr'><strong>‘juris</strong></span> 
     </span>
     <span class='ocr_line' id='line_1_36' title="bbox 308 3735 2505 3802; baseline -0 -16"><span class='ocrx_word' id='word_1_290' title='bbox 308 3737 378 3787; x_wconf 86' lang='lat' dir='ltr'><strong>de</strong></span> <span class='ocrx_word' id='word_1_291' title='bbox 399 3737 587 3787; x_wconf 78' lang='lat' dir='ltr'><strong>Divina</strong></span> <span class='ocrx_word' id='word_1_292' title='bbox 622 3740 980 3802; x_wconf 78' lang='lat' dir='ltr'><strong>Providentia,</strong></span> <span class='ocrx_word' id='word_1_293' title='bbox 1004 3748 1061 3791; x_wconf 87' lang='lat' dir='ltr'><strong>et</strong></span> <span class='ocrx_word' id='word_1_294' title='bbox 1084 3742 1200 3790; x_wconf 73' lang='lat' dir='ltr'><strong>Val.</strong></span> <span class='ocrx_word' id='word_1_295' title='bbox 1219 3743 1367 3792; x_wconf 84' lang='lat' dir='ltr'><strong>Max.</strong></span> <span class='ocrx_word' id='word_1_296' title='bbox 1437 3741 1605 3791; x_wconf 83' lang='lat' dir='ltr'><strong>civilis</strong></span> <span class='ocrx_word' id='word_1_297' title='bbox 1634 3746 1691 3791; x_wconf 91' lang='lat' dir='ltr'><strong>et</strong></span> <span class='ocrx_word' id='word_1_298' title='bbox 1719 3753 1975 3788; x_wconf 82' lang='lat' dir='ltr'><strong>sacrorum</strong></span> <span class='ocrx_word' id='word_1_299' title='bbox 2003 3735 2380 3801; x_wconf 72' lang='lat' dir='ltr'><strong>pontificalium</strong></span> <span class='ocrx_word' id='word_1_300' title='bbox 2408 3751 2505 3798; x_wconf 39' lang='lat' dir='ltr'><strong>pe*</strong></span> 
     </span>
     <span class='ocr_line' id='line_1_37' title="bbox 308 3813 2500 3881; baseline 0 -18"><span class='ocrx_word' id='word_1_301' title='bbox 308 3827 411 3864; x_wconf 84' lang='lat' dir='ltr'><strong>vn.</strong></span> <span class='ocrx_word' id='word_1_302' title='bbox 431 3818 481 3865; x_wconf 76' lang='lat'><strong>5.</strong></span> <span class='ocrx_word' id='word_1_303' title='bbox 545 3815 634 3864; x_wconf 89' lang='lat' dir='ltr'><strong>De</strong></span> <span class='ocrx_word' id='word_1_304' title='bbox 657 3815 856 3865; x_wconf 83' lang='lat' dir='ltr'><strong>Catone</strong></span> <span class='ocrx_word' id='word_1_305' title='bbox 878 3823 1050 3866; x_wconf 83' lang='lat' dir='ltr'><strong>autem</strong></span> <span class='ocrx_word' id='word_1_306' title='bbox 1077 3832 1238 3881; x_wconf 83' lang='lat' dir='ltr'><strong>supra</strong></span> <span class='ocrx_word' id='word_1_307' title='bbox 1261 3818 1366 3868; x_wconf 87' lang='lat' dir='ltr'><strong>Pa·</strong></span> <span class='ocrx_word' id='word_1_308' title='bbox 1438 3818 1737 3867; x_wconf 76' lang='lat' dir='ltr'><strong>ritissimum</strong></span> <span class='ocrx_word' id='word_1_309' title='bbox 1753 3815 1768 3838; x_wconf 88' lang='lat'>&#39;</span> <span class='ocrx_word' id='word_1_310' title='bbox 1798 3814 1960 3864; x_wconf 79' lang='lat' dir='ltr'><strong>fuisse</strong></span> <span class='ocrx_word' id='word_1_311' title='bbox 1986 3815 2165 3865; x_wconf 84' lang='lat' dir='ltr'><strong>tradit.</strong></span> <span class='ocrx_word' id='word_1_312' title='bbox 2229 3813 2500 3864; x_wconf 75' lang='lat' dir='ltr'><strong>Acidalius</strong></span> 
     </span>
     <span class='ocr_line' id='line_1_38' title="bbox 306 3891 2500 3958; baseline -0.002 -15"><span class='ocrx_word' id='word_1_313' title='bbox 306 3907 428 3958; x_wconf 75' lang='lat' dir='ltr'><strong>neg.</strong></span> <span class='ocrx_word' id='word_1_314' title='bbox 451 3906 529 3942; x_wconf 62' lang='grc' dir='ltr'><strong>ιι.</strong></span> <span class='ocrx_word' id='word_1_315' title='bbox 552 3894 581 3957; x_wconf 80' lang='lat'>§</span> <span class='ocrx_word' id='word_1_316' title='bbox 606 3896 687 3943; x_wconf 82' lang='lat'><strong>14.</strong></span> <span class='ocrx_word' id='word_1_317' title='bbox 798 3924 801 3931; x_wconf 88' lang='lat'>·</span> <span class='ocrx_word' id='word_1_318' title='bbox 1437 3908 1534 3958; x_wconf 87' lang='lat' dir='ltr'><strong>pro</strong></span> <span class='ocrx_word' id='word_1_319' title='bbox 1552 3893 1784 3954; x_wconf 69' lang='lat' dir='ltr'><strong>Manlios,</strong></span> <span class='ocrx_word' id='word_1_320' title='bbox 1804 3893 1935 3955; x_wconf 75' lang='lat' dir='ltr'><strong>legit</strong></span> <span class='ocrx_word' id='word_1_321' title='bbox 1956 3891 2205 3941; x_wconf 72' lang='lat' dir='ltr'><strong>Manilius.</strong></span> <span class='ocrx_word' id='word_1_322' title='bbox 2250 3891 2500 3940; x_wconf 77' lang='lat' dir='ltr'><strong>Manilius</strong></span> 
     </span>
     <span class='ocr_line' id='line_1_39' title="bbox 382 3966 2498 4037; baseline -0 -18"><span class='ocrx_word' id='word_1_323' title='bbox 382 3968 726 4033; x_wconf 71' lang='lat' dir='ltr'><strong>JAdulabant]</strong></span> <span class='ocrx_word' id='word_1_324' title='bbox 770 3969 888 4021; x_wconf 79' lang='lat' dir='ltr'><strong>Hac</strong></span> <span class='ocrx_word' id='word_1_325' title='bbox 929 3986 1060 4022; x_wconf 82' lang='lat' dir='ltr'><strong>voce</strong></span> <span class='ocrx_word' id='word_1_326' title='bbox 1101 3987 1226 4023; x_wconf 70' lang='lat' dir='ltr'><strong>usus</strong></span> <span class='ocrx_word' id='word_1_327' title='bbox 1263 3974 1365 4022; x_wconf 85' lang='lat' dir='ltr'><strong>Lu·</strong></span> <span class='ocrx_word' id='word_1_328' title='bbox 1438 3972 1645 4037; x_wconf 85' lang='lat' dir='ltr'><strong>quidem</strong></span> <span class='ocrx_word' id='word_1_329' title='bbox 1683 3985 1800 4020; x_wconf 83' lang='lat' dir='ltr'><strong>cnm</strong></span> <span class='ocrx_word' id='word_1_330' title='bbox 1828 3984 1884 4018; x_wconf 72' lang='lat' dir='ltr'><strong>ee</strong></span> <span class='ocrx_word' id='word_1_331' title='bbox 1919 3984 1950 4018; x_wconf 84' lang='lat' dir='ltr'><strong>a</strong></span> <span class='ocrx_word' id='word_1_332' title='bbox 1986 3983 2043 4019; x_wconf 89' lang='lat' dir='ltr'><strong>re</strong></span> <span class='ocrx_word' id='word_1_333' title='bbox 2076 3968 2287 4019; x_wconf 83' lang='lat' dir='ltr'><strong>militari</strong></span> <span class='ocrx_word' id='word_1_334' title='bbox 2320 3966 2498 4018; x_wconf 74' lang='lat' dir='ltr'><strong>acl-fo-</strong></span> 
     </span>
     <span class='ocr_line' id='line_1_40' title="bbox 303 4045 2502 4108; baseline 0.001 -12"><span class='ocrx_word' id='word_1_335' title='bbox 303 4046 499 4096; x_wconf 77' lang='lat' dir='ltr'><strong>cretius</strong></span> <span class='ocrx_word' id='word_1_336' title='bbox 537 4045 622 4096; x_wconf 83' lang='lat' dir='ltr'><strong>lib.</strong></span> <span class='ocrx_word' id='word_1_337' title='bbox 657 4060 711 4095; x_wconf 84' lang='lat' dir='ltr'><strong>v.</strong></span> <span class='ocrx_word' id='word_1_338' title='bbox 746 4053 762 4075; x_wconf 80' lang='lat'>⁸</span> <span class='ocrx_word' id='word_1_339' title='bbox 784 4046 1016 4097; x_wconf 80' lang='lat' dir='ltr'><strong>Gannitu</strong></span> <span class='ocrx_word' id='word_1_340' title='bbox 1060 4050 1201 4100; x_wconf 83' lang='lat' dir='ltr'><strong>vocis</strong></span> <span class='ocrx_word' id='word_1_341' title='bbox 1244 4051 1368 4100; x_wconf 85' lang='lat' dir='ltr'><strong>adu·</strong></span> <span class='ocrx_word' id='word_1_342' title='bbox 1440 4064 1645 4101; x_wconf 82' lang='lat' dir='ltr'><strong>rensem</strong></span> <span class='ocrx_word' id='word_1_343' title='bbox 1680 4050 1837 4099; x_wconf 83' lang='lat' dir='ltr'><strong>vitam</strong></span> <span class='ocrx_word' id='word_1_344' title='bbox 1861 4048 2185 4108; x_wconf 73' lang='lat' dir='ltr'><strong>contulisset,</strong></span> <span class='ocrx_word' id='word_1_345' title='bbox 2207 4055 2316 4099; x_wconf 75' lang='lat' dir='ltr'><strong>tres</strong></span> <span class='ocrx_word' id='word_1_346' title='bbox 2336 4048 2502 4100; x_wconf 80' lang='lat' dir='ltr'><strong>libros</strong></span> 
     </span>
     <span class='ocr_line' id='line_1_41' title="bbox 304 4121 2061 4191; baseline 0 -16"><span class='ocrx_word' id='word_1_347' title='bbox 304 4124 418 4175; x_wconf 75' lang='lat' dir='ltr'><strong>lant</strong></span> <span class='ocrx_word' id='word_1_348' title='bbox 440 4121 475 4172; x_wconf 68' lang='grc' dir='ltr'><strong>ε’</strong></span> <span class='ocrx_word' id='word_1_349' title='bbox 510 4130 567 4173; x_wconf 83' lang='lat' dir='ltr'><strong>et</strong></span> <span class='ocrx_word' id='word_1_350' title='bbox 589 4122 853 4175; x_wconf 76' lang='lat' dir='ltr'><strong>Ausonius</strong></span> <span class='ocrx_word' id='word_1_351' title='bbox 874 4126 924 4175; x_wconf 89' lang='lat' dir='ltr'><strong>in</strong></span> <span class='ocrx_word' id='word_1_352' title='bbox 938 4126 1236 4182; x_wconf 72' lang='lat' dir='ltr'><strong>Gratiarum</strong></span> <span class='ocrx_word' id='word_1_353' title='bbox 1264 4126 1368 4177; x_wconf 76' lang='lat' dir='ltr'><strong>Ac·</strong></span> <span class='ocrx_word' id='word_1_354' title='bbox 1438 4127 1505 4178; x_wconf 89' lang='lat' dir='ltr'><strong>de</strong></span> <span class='ocrx_word' id='word_1_355' title='bbox 1519 4127 1645 4191; x_wconf 85' lang='lat' dir='ltr'><strong>jure</strong></span> <span class='ocrx_word' id='word_1_356' title='bbox 1667 4128 1810 4177; x_wconf 78' lang='lat' dir='ltr'><strong>civili</strong></span> <span class='ocrx_word' id='word_1_357' title='bbox 1834 4126 2061 4191; x_wconf 77' lang='lat' dir='ltr'><strong>scripsit.</strong></span> 
     </span>
     <span class='ocr_line' id='line_1_42' title="bbox 301 4198 2552 4267; baseline 0.004 -19"><span class='ocrx_word' id='word_1_358' title='bbox 301 4200 446 4249; x_wconf 85' lang='lat' dir='ltr'><strong>tione</strong></span> <span class='ocrx_word' id='word_1_359' title='bbox 467 4198 532 4249; x_wconf 83' lang='lat' dir='ltr'><strong>ad</strong></span> <span class='ocrx_word' id='word_1_360' title='bbox 558 4200 897 4253; x_wconf 77' lang='lat' dir='ltr'><strong>Gratianum:</strong></span> <span class='ocrx_word' id='word_1_361' title='bbox 933 4203 1243 4254; x_wconf 73' lang='lat' dir='ltr'><strong>‘Centurias</strong></span> <span class='ocrx_word' id='word_1_362' title='bbox 1261 4218 1365 4254; x_wconf 85' lang='lat' dir='ltr'><strong>nou</strong></span> <span class='ocrx_word' id='word_1_363' title='bbox 1486 4205 1534 4238; x_wconf 86' lang='lat'><strong>·¹</strong></span> <span class='ocrx_word' id='word_1_364' title='bbox 1575 4203 1838 4267; x_wconf 72' lang='lat' dir='ltr'><strong>Sooevozas]</strong></span> <span class='ocrx_word' id='word_1_365' title='bbox 1907 4204 1974 4256; x_wconf 87' lang='lat' dir='ltr'><strong>P.</strong></span> <span class='ocrx_word' id='word_1_366' title='bbox 2017 4202 2219 4253; x_wconf 81' lang='lat' dir='ltr'><strong>Mutius</strong></span> <span class='ocrx_word' id='word_1_367' title='bbox 2261 4203 2500 4256; x_wconf 74' lang='lat' dir='ltr'><strong>Scaevola</strong></span> <span class='ocrx_word' id='word_1_368' title='bbox 2549 4236 2552 4239; x_wconf 33' lang='grc' dir='ltr'><strong><em>ι</em></strong></span> 
     </span>
     <span class='ocr_line' id='line_1_43' title="bbox 302 4275 2499 4334; baseline 0.002 -9"><span class='ocrx_word' id='word_1_369' title='bbox 302 4275 544 4328; x_wconf 58' lang='lat' dir='ltr'><strong>adulavi?</strong></span> <span class='ocrx_word' id='word_1_370' title='bbox 1433 4296 1569 4334; x_wconf 78' lang='lat' dir='ltr'><strong>anuo</strong></span> <span class='ocrx_word' id='word_1_371' title='bbox 1603 4282 1671 4332; x_wconf 88' lang='lat' dir='ltr'><strong>U.</strong></span> <span class='ocrx_word' id='word_1_372' title='bbox 1688 4282 1750 4332; x_wconf 88' lang='lat' dir='ltr'><strong>C.</strong></span> <span class='ocrx_word' id='word_1_373' title='bbox 1784 4283 1899 4332; x_wconf 82' lang='grc'><strong>617.</strong></span> <span class='ocrx_word' id='word_1_374' title='bbox 1933 4280 2110 4331; x_wconf 75' lang='lat' dir='ltr'><strong>consul</strong></span> <span class='ocrx_word' id='word_1_375' title='bbox 2139 4292 2257 4330; x_wconf 82' lang='lat' dir='ltr'><strong>cum</strong></span> <span class='ocrx_word' id='word_1_376' title='bbox 2293 4279 2353 4331; x_wconf 81' lang='lat' dir='ltr'><strong>L.</strong></span> <span class='ocrx_word' id='word_1_377' title='bbox 2378 4280 2499 4330; x_wconf 76' lang='lat' dir='ltr'><strong>Cal·</strong></span> 
     </span>
    </p>
   </div>
  </div>
 </body>
</html>
