3084 4959
968 391 1079 438 ιιι..
1125 386 1441 440 anunu
1488 387 1830 437 suniam.
2347 372 2523 438 1491

331 539 715 614 donaverat,
741 536 813 600 in
842 533 1174 601 seditione
1203 532 1473 598 militari
1502 533 1988 616 opprimuntur,
2011 530 2123 596 vel
2146 531 2525 614 instigante,

330 642 442 707 vel
469 638 936 707 dissimulante
982 643 1160 703 certe
1190 635 1589 701 Constantio
1619 631 1965 717 August03
2011 634 2156 700 sive
2202 640 2278 700 ut
2320 637 2529 702 tutius

328 744 731 828 imperaret3
791 741 938 805 sive
994 744 1070 805 ut
1113 737 1556 803 Constantino
1600 737 1782 820 patri
1827 741 2223 819 porrectum,
2269 738 2369 801 uti
2416 757 2531 804 su-

331 848 736 932 spicabatur,
789 844 877 909 ab
913 842 999 909 iis
1043 860 1371 908 venenum
1405 839 1802 906 vindicaret.
1891 838 2038 905 Vix
2082 839 2416 918 Julianus,
2460 851 2532 908 et

332 949 575 1016 Gallus
617 946 765 1030 ejus
806 946 1044 1011 unicus
1088 944 1320 1021 frater,
1373 948 1511 1009 tum
1572 942 1959 1020 duodennis„
2008 963 2239 1027 parem
2287 955 2529 1011 sortem

334 1051 665 1133 effugere:
734 1049 844 1113 hic
907 1047 1176 1131 quidem
1236 1046 1422 1130 quod
1485 1053 1760 1130 propter
1817 1046 2142 1111 incertam
2193 1066 2275 1112 ac
2339 1068 2531 1131 paene

333 1152 646 1218 affectam
704 1150 1149 1215 valetudinem
1196 1148 1376 1214 haud
1426 1148 1541 1214 diu
1590 1148 1889 1214 victurus
1940 1149 2361 1231 crederetur;
2415 1151 2533 1216 ille

332 1274 492 1321 vero
520 1253 704 1341 quod
733 1252 952 1318 adhuc
980 1272 1181 1338 puer:
1227 1273 1376 1317 nam
1408 1259 1485 1317 ut
1513 1271 1603 1316 ex
1645 1257 1935 1335 tempore
1963 1251 2115 1335 ejus
2161 1253 2386 1318 obitus
2416 1273 2533 1339 ap-

336 1364 551 1442 paret,
593 1358 1119 1441 quinquennium
1163 1357 1345 1423 haud
1390 1356 1670 1422 multum
1721 1364 2136 1420 excesserat.

454 1533 544 1600 A.
576 1533 665 1600 U.
697 1534 777 1600 C.
809 1548 1061 1598 mchn.
1150 1529 1399 1597 Christi
1440 1544 1886 1595 cccxxxix,
1977 1530 2423 1615 Constantini,

663 1635 1069 1715 Constantii,
1097 1643 1166 1700 et
1196 1633 1592 1698 Constantis
1616 1632 1834 1717 Augg.
1867 1632 2043 1719 Imp.
2075 1652 2195 1703 111.

425 1774 658 1841 Altero
690 1782 854 1861 post
884 1793 1061 1838 anno
1093 1791 1244 1839 cum
1272 1771 1575 1834 nonnulli
1601 1770 1690 1834 ad
1721 1771 2127 1838 excitandas
2175 1773 2539 1839 seditiones

339 1877 599 1943 Juliani
636 1885 710 1943 et
739 1878 924 1942 Galli
965 1875 1230 1939 nomine
1272 1874 1720 1948 abuterentur,
1764 1879 2044 1958 uterque
2090 1876 2425 1943 abductus
2472 1880 2540 1941 in

344 1980 880 2065 Cappadociam,
909 1980 981 2042 in
1028 1976 1323 2042 Macello
1370 1977 1592 2054 (locus
1630 1984 1774 2041 erat
1809 1977 1897 2040 ad
1931 1978 2220 2060 Argeum
2246 1987 2542 2045 montem

343 2103 482 2147 non
529 2084 727 2166 longe
773 2103 818 2147 a
862 2067 1181 2169 Caesarea
1226 2080 1423 2163 plane
1470 2079 1720 2162 regius)
1768 2081 1857 2145 ad
1903 2081 2219 2147 liberales
2262 2091 2447 2148 artes
2476 2091 2543 2148 et

300 2176 311 2182 ⁴
346 2207 689 2251 sacrarum
723 2187 1054 2251 literarum
1087 2185 1529 2268 cognitionem
1560 2184 1954 2249 instituitur:
2002 2192 2140 2266 qu'o
2170 2188 2238 2249 in
2269 2205 2543 2253 secessu

344 2296 532 2353 tetus
566 2310 695 2354 sex
726 2308 937 2354 annos
964 2288 1343 2353 arctissime
1374 2287 1721 2366 custoditi,
1754 2288 2092 2381 quomodo
2132 2289 2331 2352 refert
2367 2288 2413 2353 J
2415 2290 2542 2352 uli-

344 2411 454 2456 an.
510 2393 645 2475 Ep:
668 2393 755 2457 ad
790 2393 862 2455 S.
894 2391 977 2456 P.
1010 2389 1101 2471 Q.
1132 2388 1379 2455 Athen.
1431 2394 1673 2474 (neque
1718 2390 1895 2455 enim
1937 2392 2026 2456 ad
2067 2410 2185 2457 eos
2224 2393 2545 2476 cuiquam

345 2503 495 2586 erat
522 2495 772 2575 aditus)
803 2501 1060 2561 tantum
1103 2493 1471 2577 profecere,
1499 2500 1575 2559 ut
1603 2493 1770 2558 facti
1801 2494 2026 2559 clerici
2072 2494 2287 2559 libros
2329 2494 2543 2559 eccle-

348 2598 664 2662 siasticos
721 2598 979 2682 populo
1038 2596 1487 2680 preelegerent.
1581 2596 1720 2662 Hic
1780 2616 1942 2661 vero
2001 2616 2155 2660 cum
2213 2599 2412 2661 ambo
2471 2597 2543 2661 S.

349 2698 671 2765 Mammea
701 2700 971 2784 martyri
997 2699 1352 2764 basilicam
1393 2699 1536 2762 suis
1581 2700 1913 2763 sumtibus
1956 2700 2351 2778 excitarent,
2383 2699 2548 2765 Gal-

348 2802 457 2865 lus
482 2802 758 2884 quidem
786 2809 863 2867 ut
906 2823 1097 2867 suam
1145 2803 1459 2885 pietatem
1501 2807 1886 2877 ostentaret,
1928 2801 2246 2869 Julianus
2274 2822 2431 2868 vero
2476 2813 2550 2869 ut

350 2903 795 2986 impietatem,
843 2904 915 2970 id
961 2913 1086 2982 est,
1135 2912 1215 2973 ut⁴
1255 2905 1584 2988 ejuratam
1632 2906 1778 2990 jam
1835 2907 2054 2970 animo
2100 2905 2550 2971 Christianam

349 3006 738 3088 religionem
770 3007 1225 3073 dissimularet
1256 3008 1440 3090 apud
1472 3008 1988 3089 Constantium3
2033 3010 2290 3074 sactum
2329 3017 2435 3074 est
2473 3019 2551 3075 ut

352 3106 540 3173 Galli
568 3128 769 3193 opere
796 3110 1222 3193 procedente,
1251 3111 1298 3175 J
1305 3110 1513 3174 uliani
1542 3130 1717 3195 opus
1763 3119 1951 3176 terrae
1994 3119 2179 3177 motu
2210 3112 2550 3197 disjicere-

353 3217 483 3275 tur.
561 3210 767 3290 Quod
796 3212 917 3276 ubi
945 3211 1035 3277 ad
1066 3212 1535 3278 Constantium
1567 3213 1846 3278 allatum
1879 3222 2002 3292 est,
2035 3216 2374 3280 sinistrum
2404 3216 2551 3280 illo-

352 3330 502 3377 rum
546 3315 822 3399 pietatis
864 3334 1062 3380 omen
1110 3321 1319 3393 ratnS,
1370 3315 1791 3380 vehementer
1835 3318 2093 3401 utrique
2147 3320 2554 3383 succensuit.

356 3411 519 3479 vid.
566 3415 846 3500 Gregor.
887 3417 1210 3484 Nazianz.
1255 3418 1325 3482 in
1354 3416 1548 3484 Orat.
1587 3418 1941 3485 Sozomen.
1986 3420 2232 3486 Zonar.
2274 3420 2554 3487 Cedren.

352 3520 476 3582 διε.

466 3650 553 3716 A.
597 3651 684 3719 U.
712 3651 796 3719 C.
831 3670 1163 3718 chvin.
1253 3653 1504 3720 Christi
1553 3672 1879 3721 cccan.
1970 3656 2348 3721 Constantii
2381 3663 2452 3722 et

965 3756 1351 3823 Constantis
1381 3756 1601 3842 Augg.
1642 3758 1821 3845 Imp.
1857 3776 1965 3824 ix.

446 3864 825 3978 Postquam
858 3892 1260 3967 Constantii,
1284 3896 1406 3980 qui
1434 3895 1500 3959 in
1530 3896 1966 3980 expeditione
2007 3894 2297 3963 Pontica
2321 3915 2556 3980 parum

358 3994 643 4061 feliciter
685 4001 828 4061 erat
873 4001 1274 4080 occupatae,
1319 3998 1418 4063 ira
1464 3999 1792 4083 tantisper
1823 3999 2285 4077 deferbuisset,
2316 3997 2556 4065 Gallus

361 4099 700 4183 Ephesum
730 4101 1036 4177 mittitur,
1066 4103 1300 4186 quain
1330 4103 1493 4167 urbe
1538 4121 1915 4186 permagnae
1962 4123 2070 4168 res
2115 4103 2249 4188 ipsi
2290 4110 2475 4169 erant
2515 4124 2560 4170 a

360 4202 731 4287 majoribus
761 4204 1041 4269 relictae.
1124 4205 1441 4289 Julianus
1471 4205 1556 4271 ad
1591 4207 1899 4290 publicas
1930 4206 2195 4273 scholas
2227 4204 2560 4275 Constan·
2600 4277 2602 4281 ,

2461 4439 2490 4477 V
