3084 4959
1047 341 1624 395 PANneancus.
1703 344 1790 395 11.
1820 328 1932 394 14.
2424 330 2597 397 1177

378 495 536 560 bore
576 492 937 571 constabit,
965 492 1258 559 divinam
1300 493 1874 578 immortalemque
1912 492 2299 577 progeniem
2332 493 2420 559 ad
2455 503 2599 561 stu-

380 594 569 659 dium
609 593 842 659 laudis
883 594 1159 661 hortari.
1247 595 1314 660 2.
1364 593 1530 659 Non
1574 614 1856 659 necesse
1907 596 2056 671 erit,
2101 594 2482 674 CamilloS‚q
2532 604 2602 663 et

383 697 784 773 Maximus:
832 703 902 761 et
944 696 1234 776 Curios:
1280 702 1349 762 et
1392 697 1723 764 Catonest
1773 717 2148 783 proponere
2193 698 2280 764 ad
2334 700 2602 764 imitan-

381 800 585 864 dum:
630 800 790 883 quin
839 799 1075 883 potius
1119 807 1348 865 vestra
1389 800 1489 865 illi
1534 801 1720 865 facta
1761 789 2229 878 demon‘strent,
2259 820 2387 865 vos
2416 802 2606 866 iden·

382 901 589 966 tidem
615 906 686 966 et
714 922 977 986 semper
1006 902 1367 968 ostendant
1396 910 1801 988 praesenteS‚
1833 904 2125 986 optimos
2154 902 2602 986 imperatorias

386 1001 828 1067 institutionis
872 1009 1205 1069 auctores,
1304 1004 1373 1069 3.
1420 1003 1695 1069 Interim
1742 1009 1966 1069 tamen
2012 1009 2100 1080 te,
2145 1005 2439 1088 gentium
2485 1004 2603 1069 do-

386 1104 594 1183 mina,
645 1105 968 1188 qnoniam
1021 1107 1202 1172 hunc
1245 1105 1745 1193 optatissimum
1790 1107 2154 1190 principem
2176 1113 2206 1142 ⁰
2252 1108 2318 1171 in
2359 1105 2606 1173 Galliis

1320 1251 1627 1274 “”OOOON
1632 1252 1689 1273 00

387 1354 641 1410 monstret,
661 1366 774 1402 vos.
791 1387 806 1403 .
823 1385 838 1400 .
853 1366 1034 1416 semper
1053 1354 1291 1414 ostendat,
1321 1358 1579 1417 praesentes
1606 1358 1655 1402 et
1684 1354 1898 1417 optimos.
1965 1354 2267 1404 Lectionem
2291 1359 2516 1402 nostram
2540 1366 2609 1401 ex

389 1416 545 1467 codd.
567 1416 708 1467 Gud.
728 1424 786 1466 et
809 1418 940 1468 Exc.
965 1419 1121 1467 Voss.
1145 1419 1378 1468 restituit
1397 1418 1828 1469 Arntzenius.-8
1853 1423 1871 1449 ‘
1888 1417 2100 1484 Aliquot
2122 1419 2380 1468 editiones
2404 1425 2610 1468 veteres

389 1496 487 1548 pro
515 1495 642 1532 voce
666 1482 1032 1547 optatissimum,
1061 1484 1313 1535 exhibent
1342 1484 1590 1550 optimum,
1625 1485 1764 1549 quod
1793 1484 1915 1535 olim
1945 1498 2229 1549 cognomen
2250 1483 2464 1547 Trajani
2491 1496 2611 1548 pro-

1389 1612 1612 1664 No'rAE

454 1717 479 1751 θ
517 1709 772 1774 Camillos]
817 1710 897 1759 Μ.
928 1711 1138 1760 Furium
1182 1710 1456 1762 Camillum
1540 1711 1837 1762 cunctando
1882 1710 2057 1774 fregit.
2124 1710 2280 1761 Unde
2324 1709 2615 1761 Cunctator

387 1786 653 1849 intelligit,
687 1787 775 1850 qui
800 1786 1025 1835 Faliscos
1057 1788 1280 1852 primum
1314 1787 1459 1852 vicit,
1541 1786 1715 1837 dictus
1738 1795 1839 1837 est.
1905 1786 2232 1837 Vid.Aurel.
2255 1785 2456 1836 Victor.
2502 1786 2612 1837 No·

390 1869 500 1911 tum
520 1877 637 1913 cnm
660 1862 888 1914 dictator
911 1872 1053 1916 esset
1068 1865 1135 1914 de
1150 1864 1459 1915 Veientibus
1546 1869 1654 1913 tum
1678 1863 1804 1913 illud
1832 1864 1983 1914 Ennii
2007 1880 2024 1914 ι
2064 1863 2082 1891 ‘
2105 1864 2253 1914 Unus
2282 1862 2437 1913 homo
2465 1862 2614 1914 nobis
2635 1927 2646 1934 “

392 1937 612 1988 decenni
637 1938 908 1989 obsidione
939 1939 1152 1990 domitis
1176 1941 1461 2003 triumpha·
1546 1942 1841 1991 cunctando
1864 1941 2094 1991 restituit
2116 1939 2264 1992 rem.’

394 2013 490 2063 vit.
554 2013 611 2063 Is
637 2013 775 2077 quod
814 2014 945 2064 albis
973 2015 1120 2080 equis
1150 2016 1461 2079 triumphas-

392 2096 473 2142 set
496 2097 553 2141 et
576 2090 807 2154 praedam
833 2091 1055 2156 iniquius
1073 2092 1355 2149 divisisset,
1374 2091 1463 2141 die

395 2167 461 2218 ab
485 2167 750 2232 Appuleio
785 2166 907 2217 trib.
939 2166 1081 2230 pleb.
1119 2166 1283 2231 dicta,
1318 2167 1463 2217 dam-

393 2250 547 2295 natus
571 2241 800 2292 Ardeam
821 2244 1116 2306 concessit;
1151 2244 1321 2294 donee
1344 2244 1467 2294 Gal-

393 2321 491 2382 los,
511 2320 714 2375 urbem,
732 2334 793 2369 ae
808 2326 1012 2369 tantum
1031 2335 1131 2370 non
1149 2320 1466 2383 Capitolium

395 2395 770 2459 ingredientes,
787 2396 1073 2459 derepente
1097 2394 1310 2445 adortus
1331 2394 1471 2446 fudit

397 2472 710 2536 stravitque.
747 2471 834 2521 Ita
850 2470 1028 2522 Aurei.
1045 2472 1248 2523 Victor.
1290 2472 1468 2525 Quare

400 2548 650 2598 Romulus
672 2548 807 2598 alter
830 2547 1017 2599 dictus.
1082 2549 1316 2599 Tandem
1338 2548 1470 2598 obiit

399 2623 468 2675 A.
490 2625 559 2674 U.
576 2625 635 2676 C.
658 2628 775 2674 889.
793 2638 910 2675 cum
929 2632 1070 2677 esset
1087 2626 1472 2692 octogenarius,

399 2707 537 2751 teste
559 2701 675 2751 Lis.
699 2701 790 2752 lib.
813 2716 917 2751 vn.

464 2782 486 2809 ¹·
516 2777 784 2841 Maximos]
835 2779 960 2829 Duo
1002 2779 1270 2843 praecipue
1312 2779 1469 2844 hujus

400 2854 721 2917 cognominis
737 2854 903 2904 fuere.
940 2859 983 2906 1.
1001 2854 1190 2904 Fabius
1205 2855 1468 2906 Maximus

402 2930 695 2988 Rullianus,
740 2930 1122 2994 quimagister
1162 2933 1397 2998 equitnm
1438 2947 1471 2983 a

400 3006 634 3071 Papyrio
668 3007 894 3057 Cursore
928 3008 994 3057 ob
1025 3008 1331 3058 Samnitium
1362 3008 1471 3059 vic·

402 3083 589 3133 teriam
629 3098 779 3147 paene
819 3084 994 3134 securi
1030 3099 1323 3149 percussus,
1367 3084 1473 3148 pri-

401 3177 542 3213 mum
567 3161 633 3211 de
655 3162 864 3225 Apulis,
887 3169 942 3212 et
962 3163 1228 3213 Lucerinis
1247 3180 1262 3222 ς
1285 3165 1474 3213 iterum

403 3237 472 3288 de
492 3238 839 3300 Samnitibus;
877 3239 1036 3289 tertio
1052 3239 1119 3288 de
1140 3239 1330 3302 Gallis,
1348 3241 1476 3290 Um·

402 3316 532 3373 bris,
560 3315 771 3378 Marsis,
798 3321 955 3379 atque
977 3316 1163 3366 Tuscis
1195 3317 1477 3380 triumpha·

403 3390 500 3441 vit.
584 3389 786 3440 Iterum
841 3404 1030 3440 censor
1072 3391 1240 3441 creari
1286 3393 1474 3456 noluit,

406 3466 548 3532 quod
589 3467 917 3517 existimaret
955 3481 1061 3518 non
1106 3483 1223 3519 esse
1268 3484 1335 3519 ex
1380 3484 1478 3520 usu

404 3545 541 3609 reip.
580 3544 791 3594 eosdem
832 3558 1078 3594 censores
1113 3544 1306 3609 saepius
1345 3544 1479 3596 fleri.

405 3626 458 3672 2.
489 3622 559 3672 Q.
578 3621 770 3671 Fabius
789 3621 1070 3685 Maximus,
1094 3621 1180 3686 qui
1206 3621 1479 3687 quinquies

322 3739 343 3752 .
407 3697 612 3761 consul,
654 3698 818 3747 semel
858 3702 1065 3757 censor,
1114 3696 1190 3746 bis
1233 3696 1480 3756 dictator,

409 3776 492 3826 his
523 3776 774 3840 princeps
811 3780 1044 3838 senatus,
1081 3774 1161 3824 bis
1196 3775 1481 3840 triumpha·

412 3853 526 3913 vit;
563 3852 729 3916 primo
753 3850 962 3915 quidem
986 3850 1259 3900 consulatu
1295 3851 1360 3899 de
1398 3851 1482 3901 Li·

409 3928 660 3992 guribus3
695 3927 880 3989 quinto
904 3940 1029 3975 vero
1059 3925 1126 3974 de
1165 3925 1361 3975 Poenis.
1427 3926 1486 3976 Is

410 4011 497 4053 est
529 4002 621 4068 qui
652 4002 1023 4059 Hannibalem,
1049 4002 1329 4065 Cannensi,
1356 4004 1485 4054 Tre·

411 4078 602 4141 biensi,
633 4084 689 4127 et
724 4078 1092 4128 Thrasimenea
1120 4078 1273 4128 clade
1297 4079 1482 4130 feroci-

412 4159 608 4210 entem,
638 4168 791 4219 quem
813 4154 1013 4216 Scipio,
1048 4154 1405 4219 Sempronius,
1427 4163 1485 4206 et

412 4231 697 4282 Flaminius
732 4230 788 4281 vi
823 4230 1011 4282 sistere
1046 4244 1150 4281 non
1186 4239 1484 4296 potuerant,

1613 2024 1633 2051 ⁸
1656 2017 1854 2081 Garios]
1875 2017 1955 2067 M.
1978 2017 2166 2068 Curius
2192 2018 2480 2079 Dentatus,
2509 2016 2615 2081 pri-

1544 2111 1633 2147 mo
1672 2094 1741 2144 de
1781 2094 2119 2157 Samnitibus,
2159 2100 2269 2144 tum
2304 2094 2370 2144 de
2407 2094 2615 2145 Sabinis

1548 2171 1911 2235 triumphavit,
1935 2170 2093 2222 tertio
2115 2169 2182 2220 de
2207 2171 2434 2220 Lucanis
2456 2184 2618 2221 ovans

1548 2248 1732 2300 urbem
1756 2246 2014 2310 ingressus
2039 2251 2140 2295 est.
2207 2245 2466 2308 Pyrrhum
2489 2244 2618 2309 Epi·

1551 2331 1782 2375 rotarum
1802 2336 1979 2387 regem
1998 2336 2065 2370 ex
2087 2321 2243 2372 Italia
2261 2321 2485 2384 expulit.
2517 2321 2620 2371 Vir

1548 2399 1868 2466 frugalitatis
1923 2398 2176 2448 mirificas.
2266 2397 2619 2449 Quamobrem

1550 2479 1730 2529 domus
1756 2476 1806 2526 ei
1837 2475 1973 2539 apud
1996 2475 2286 2538 Tiphatem‚
2316 2480 2373 2522 et
2403 2473 2513 2535 agri
2534 2473 2621 2536 ju-

1552 2568 1675 2618 gera
1695 2553 1982 2616 quingenta
2006 2550 2213 2615 publice
2229 2548 2373 2599 data.
2406 2548 2495 2598 Ita
2510 2547 2621 2598 Au-

1551 2630 1648 2682 rel.
1671 2630 1877 2678 Victor.

1620 2706 1638 2738 ²
1668 2703 1897 2767 Caena]
1932 2702 2055 2752 Duo
2094 2699 2419 2764 potissimum
2454 2697 2621 2750 fuere.

1552 2784 1601 2830 1.
1634 2779 1715 2829 Μ.
1739 2779 1960 2828 Porcius
1989 2778 2121 2827 Cato
2144 2775 2425 2846 Censorius
2450 2776 2539 2839 qni
2565 2779 2623 2825 et

1553 2856 1745 2920 Major,
1780 2854 1950 2904 dictus
1984 2859 2066 2902 est
2094 2852 2433 2902 Tusculanus.
2502 2850 2627 2901 Fuit

1553 2939 1784 2998 quaestor
1806 2929 1903 2980 suh
1920 2928 2166 2993 Scipione
2190 2928 2409 2991 majore.
2477 2926 2624 2976 1³1·ae-

1553 3016 1637 3058 tor
1673 3006 1965 3057 Sardiniam
1996 3003 2223 3067 subegit.
2288 3002 2481 3052 Consul
2506 3000 2624 3051 Cel·

1555 3084 1755 3135 tiberos
1775 3082 1989 3132 domuit.
2023 3080 2223 3129 Censor
2243 3078 2301 3127 1..
2316 3077 2626 3128 Flaminium

1557 3160 1877 3210 consularem
1900 3161 2084 3206 senatu
2106 3153 2290 3204 movit.
2360 3152 2485 3217 Ipse
2506 3167 2626 3203 auc-

1560 3241 1645 3286 tor
1674 3234 1775 3284 fuit
1811 3229 2052 3283 delendas
2078 3229 2429 3294 Carthaginis.
2496 3230 2628 3293 Sep·
2697 3239 2701 3244 ·

1560 3311 1899 3378 tuagenarius
1945 3311 2124 3361 literas
2165 3308 2384 3359 Graecas
2426 3307 2632 3357 didicit.

1561 3387 1943 3452 octogenarius
1955 3385 2179 3435 Galbam
2193 3383 2477 3435 accusavit.
2501 3383 2629 3447 Ipse

1560 3474 1747 3532 quater
1761 3471 1816 3513 et
1830 3461 2137 3528 quadragies
2152 3469 2448 3522 accusatus,
2472 3459 2631 3511 toties

1559 3529 1968 3594 absolutus‘est.
2029 3538 2155 3586 Vid.
2198 3535 2381 3587 Aurel.
2426 3536 2629 3585 Victor.

1560 3625 1612 3670 2.
1644 3620 1781 3670 Cato
1825 3614 2116 3665 Proetorius
2155 3613 2308 3676 hujus
2354 3626 2631 3677 pronepos.

1562 3697 1669 3747 Hic
1705 3695 1756 3745 in
1800 3691 2033 3743 Africam
2071 3704 2189 3740 cnm
2229 3690 2468 3740 exercitu
2507 3703 2632 3740 con·

1564 3771 1744 3832 cessit,
1775 3768 1866 3819 ubi
1899 3766 2080 3818 audita
2112 3766 2334 3818 Coesaris
2368 3765 2435 3815 de
2470 3765 2631 3817 Pom·

1567 3846 1767 3912 peianis
1790 3842 2026 3899 victoria,
2057 3841 2216 3891 filium
2239 3841 2501 3907 hortatus,
2525 3842 2632 3893 cle-

1567 3923 1814 3974 mentiam
1853 3919 2069 3970 victoris
2125 3919 2478 3982 experiretur,
2515 3920 2632 3983 ipse

1566 4002 1710 4051 lecto
1733 4000 1971 4049 Platonis
1989 3997 2122 4046 libro
2138 3997 2227 4061 qui
2244 3997 2309 4046 de
2326 3997 2480 4048 honis
2497 4013 2634 4048 mor·

1568 4080 1633 4130 tis
1657 4087 1756 4135 est,
1780 4084 1946 4127 semet
1968 4074 2335 4130 occidit,nnde
2360 4074 2530 4126 dictus
2553 4081 2633 4127 est

1566 4155 1849 4207 Uticensis.
1917 4152 2053 4202 Haec
2075 4166 2140 4200 ex
2167 4150 2347 4203 Aurel.
2369 4153 2571 4202 Victor.

1633 4240 1657 4267 ⁸
1697 4228 2062 4297 Optatissimum
2091 4227 2373 4293 principem,
2408 4227 2518 4294 ζα]
2565 4227 2631 4278 In
