3084 4959
996 377 1108 426 m..
1156 376 1476 428 anumr
1528 378 1865 428 sunum.
2356 365 2529 457 1493

331 521 723 609 imbecilluS,
751 542 832 589 ac
860 520 1131 589 demum
1150 520 1488 589 Graeciam
1519 523 2021 602 circumcursat,
2054 531 2128 591 ut
2156 526 2305 611 ipse
2335 527 2432 607 ait
2460 530 2529 611 in

331 625 464 710 Ep.
493 625 582 691 ad
610 624 938 692 Themist.

369 791 460 856 A.
492 786 583 857 U.
615 788 696 859 C.
727 806 940 858 Mcvr.
1003 788 1260 858 Christi
1291 810 1597 861 cocum.
1665 792 2043 863 Constantii
2069 794 2248 881 Aug.
2284 806 2481 864 xvn.

414 924 576 993 Hoc
607 947 782 994 anno
805 927 1075 1006 Gallus,
1108 950 1228 994 seu
1256 935 1527 1016 propter
1557 930 2017 1015 suspicionem
2045 934 2283 998 ambiti
2313 935 2523 1018 impe-

321 1030 429 1110 rii,
460 1050 581 1095 seu
611 1041 891 1119 propter
918 1039 1214 1116 patratas
1245 1030 1622 1099 Antiochiae
1659 1034 1906 1113 caedeS,
1938 1054 1983 1100 a
2011 1034 2410 1100 Constantio
2450 1037 2522 1100 in

324 1126 597 1198 Italiam
639 1153 760 1219 per
802 1135 1260 1201 Domitianum
1292 1137 1623 1221 quendam
1668 1144 2016 1216 evocatuS,
2045 1139 2335 1222 ipsoque
2378 1139 2522 1202 Do·

322 1235 621 1316 mitiano,
673 1236 856 1321 quod
916 1235 1194 1302 Gallum
1258 1238 1610 1320 superbius
1670 1238 2169 1324 compellasset,
2228 1241 2313 1304 ab
2370 1241 2518 1324 ejus

321 1337 650 1403 militibus
680 1338 935 1418 occiso,
967 1338 1214 1405 Gallus
1242 1341 1309 1404 in
1337 1340 1612 1404 Italiam
1640 1341 1845 1404 venit.
1933 1344 2031 1406 At
2061 1340 2520 1422 ConstantiuS,

321 1436 671 1506 Julianum
705 1460 976 1527 quoque
1008 1441 1268 1525 imperii
1301 1442 1676 1525 cupiditate
1713 1442 1930 1508 adhuc
1975 1442 2257 1527 flagrare
2298 1447 2515 1530 suspi-

321 1550 543 1623 catuS,
587 1563 704 1609 seu
752 1544 938 1630 quod
982 1544 1225 1635 Gallus
1277 1546 1349 1610 in
1394 1544 1731 1610 Orientem
1787 1545 2217 1630 proficiscens
2262 1549 2309 1613 J
2314 1549 2520 1613 uliani

320 1645 495 1710 clam
522 1646 786 1712 visendi
811 1648 1020 1730 gratia
1062 1647 1174 1733 (ut
1214 1650 1309 1713 ait
1346 1649 1686 1728 Socrates)
1732 1649 2204 1715 Nicomediam
2239 1651 2518 1717 diverte·

315 1756 443 1828 rat,
472 1769 590 1814 seu
613 1750 798 1832 quod
821 1750 1135 1816 Julianus
1159 1753 1231 1815 in
1255 1750 1493 1817 Asiam
1523 1752 1897 1835 demigrans
1925 1744 2515 1839 Constantinopoli

312 1844 665 1918 transierat
696 1873 833 1937 quo
863 1855 1123 1919 fratrem
1153 1854 1432 1918 Gallum
1462 1854 1560 1919 ibi
1591 1854 1874 1931 videret,
1903 1859 1978 1917 ut
2007 1855 2230 1937 inquit
2256 1852 2512 1922 Ammi-

313 1972 511 2018 anus·
600 1950 699 2020 Ut
746 1964 820 2020 ut
865 1963 991 2030 est,
1020 1956 1343 2021 custodiri
1388 1956 1484 2021 ibi
1537 1956 1725 2020 illum
1767 1956 1987 2040 Jubet.
2075 1955 2176 2020 At
2213 1957 2324 2021 ille
2353 1978 2509 2025 cum

310 2074 519 2141 posse
548 2077 622 2122 se
649 2079 686 2123 e
714 2058 1066 2123 custodum
1095 2059 1404 2132 manibus
1439 2058 1746 2141 aufugere
1774 2054 2056 2139 videret,
2090 2058 2317 2125 locum
2354 2062 2507 2126 sub-

308 2159 465 2227 inde
494 2165 911 2245 commutans
941 2161 1178 2227 evasit.
1269 2160 1378 2226 Ita
1407 2161 1604 2226 refert
1630 2161 1968 2226 Socrates.

350 2352 439 2424 A.
470 2332 561 2426 U.
591 2357 670 2428 C.
704 2380 946 2430 mcvn.
991 2360 1235 2428 Christi
1269 2379 1565 2427 cccmv.
1614 2360 1993 2428 Constantii
2024 2361 2201 2448 Aug.
2233 2379 2463 2430 xvm.

324 2562 333 2567 ,
395 2485 564 2555 Post
593 2489 1050 2556 Constantiam
1071 2489 1258 2556 Galli
1286 2510 1572 2555 uxorem
1601 2492 1671 2554 in
1699 2491 2022 2576 Bithynia
2042 2492 2210 2558 febri
2241 2494 2503 2559 extinco

306 2594 471 2672 tam,
502 2613 584 2659 ac
616 2594 887 2659 Gallum
916 2593 985 2659 in
1016 2593 1291 2678 Illyrico
1319 2595 1386 2658 in
1414 2594 1633 2658 insula
1666 2593 1972 2659 Flanona
1999 2602 2394 2679 peremtum,
2428 2605 2504 2665 ut

305 2697 406 2765 ait
424 2697 847 2775 AmmianuS,
858 2698 1176 2763 Julianus
1195 2716 1422 2782 parem
1442 2703 1693 2762 sortem
1717 2698 1993 2776 verituS,
2016 2697 2501 2779 Mediolanum,

302 2799 424 2864 ubi
475 2799 932 2881 constantius,
979 2800 1150 2864 inito
1194 2819 1350 2865 cum
1393 2797 1741 2864 Alamanis
1768 2799 2021 2864 foedere
2050 2819 2088 2864 e
2134 2800 2502 2868 Germania

302 2918 628 2981 reversuS‚
679 2905 1093 2982 versabatur,
1144 2902 1500 2985 contendit.
1589 2903 1732 2967 Hic
1777 2903 1848 2967 in
1897 2903 2234 2982 suburbio,
2270 2905 2380 2968 vel
2423 2912 2501 2973 ut

301 3005 420 3077 alii
449 3006 678 3071 volunt
700 3006 1102 3083 Novocomi,
1125 3006 1284 3070 dum
1312 3005 1573 3084 lateret,
1596 3005 1957 3088 impetrata
1985 3006 2117 3070 sibi
2144 3025 2266 3090 per
2289 3005 2498 3073 Euse-

299 3107 479 3173 biam
510 3106 884 3191 Augustam
914 3109 1098 3192 apud
1151 3110 1620 3191 imperatorem
1668 3107 1934 3171 dicendi
1977 3108 2265 3180 licentia,
2294 3108 2492 3194 plane

301 3230 378 3277 se
421 3216 685 3296 purgat.
773 3208 1008 3289 Quare
1063 3211 1332 3275 domum
1384 3209 1648 3276 redibat
1692 3211 1926 3288 victor,
1975 3215 2045 3276 et
2093 3211 2365 3297 quidem
2403 3213 2492 3279 ab
2619 3260 2627 3273 ,

300 3311 591 3379 Eusebia
628 3313 965 3381 deductus
1008 3314 1393 3392 honorifice,
1437 3333 1593 3378 cum
1633 3314 1869 3378 itinere
1911 3312 2026 3378 illo
2074 3313 2303 3379 nescio
2354 3335 2492 3398 quo

297 3433 464 3480 casu
490 3416 837 3501 impedito,
867 3436 1126 3483 rursum
1158 3418 1228 3483 in
1259 3415 1604 3483 Graeciam*
1635 3417 1936 3497 mittitur,
1968 3437 2172 3501 quam
2215 3417 2493 3503 quidem

296 3518 769 3601 relegationem
800 3539 1035 3585 omnes
1063 3512 1689 3603 interpretabantur.
1760 3519 1920 3587 Vid.
1949 3520 2210 3593 Julian.
2238 3520 2369 3604 Ep.
2399 3522 2490 3586 ad

293 3621 615 3687 Themist.
641 3628 708 3686 et
735 3620 864 3705 Ep.
887 3623 977 3687 ad
999 3622 1075 3693 S.-
1095 3622 1179 3687 P.
1204 3620 1296 3701 Q.
1325 3617 1567 3688 Athen.
1611 3620 1775 3705 Ipse
1805 3641 1966 3687 vero
1996 3623 2304 3688 beneficii
2333 3623 2488 3691 loco

292 3724 591 3808 idipsum
618 3723 936 3791 Eusebiae
962 3724 1294 3789 referebat
1309 3732 1708 3808 acceptum:
1754 3724 1920 3802 sive,
1953 3730 2029 3790 ut
2051 3726 2205 3811 ipse
2234 3726 2484 3805 aiebat,

294 3827 671 3893 studiorum
699 3844 931 3905 causa,
962 3846 1084 3891 εει]
1113 3826 1340 3910 potius
1382 3826 1569 3911 quod
1613 3833 1847 3893 averet
1883 3846 2039 3891 cum
2080 3828 2365 3911 regionis
2405 3830 2483 3894 il-

289 3929 427 3994 lius
458 3927 852 3994 sacrificulis
882 3933 953 3993 et
973 3929 1458 4012 impostoribus
1481 3929 1564 3993 de
1584 3927 1783 3994 rebus
1806 3929 1951 3995 suis
1968 3931 2482 3997 communicare.

290 4030 400 4096 Ita
429 4031 756 4097 Nazianz.
788 4030 976 4097 Orat.
1009 4049 1062 4095 ι.
1081 4033 1151 4097 in
1179 4032 1225 4097 J
1227 4032 1322 4097 ul.
1353 4033 1621 4098 Sozom.
1695 4032 2059 4116 Gregorius
2109 4034 2477 4100 Nazianze-
2519 4099 2530 4110 ,

289 4152 422 4199 nus
467 4136 514 4200 J
519 4135 818 4201 ulianum
864 4131 1158 4201 Athenis
1206 4136 1504 4214 intuitus,
1550 4141 1574 4170 ‘
1608 4136 1870 4217 Quale‚'
1896 4138 2138 4222 inquit,
2171 4142 2194 4175 ‘
2223 4139 2474 4205 malum

289 4235 743 4303 Romanorum
770 4242 943 4304 terra
967 4224 1206 4303 nutrit!
1226 4237 1246 4266 '
1303 4258 1428 4306 nec
1457 4256 1677 4306 vanus
1693 4239 2041 4325 ’conjector
2068 4239 2217 4306 fuit.
