3084 4959
549 363 723 429 1194
1202 428 1207 439 ,
1554 375 1734 423 vrrs

595 545 685 610 A.
718 546 806 613 U.
839 545 919 614 C.
953 534 1228 612 merim.
1291 542 1544 611 Christi
1576 560 1828 609 ccccv,
1900 540 2283 608 Constantii
2310 541 2485 626 Aug.
2519 530 2690 608 xri-.-

1263 648 1519 713 Juliani
1549 648 2021 713 AEtat.xx1V.

641 766 809 832 Cum
861 768 1121 832 barbari
1173 760 1505 831 adversus
1554 765 2014 849 Magnentium
2045 773 2112 831 et
2141 764 2643 829 Britannionem
2696 783 2741 827 a

557 868 945 935 Constantio
974 872 1254 947 evocati,
1282 877 1354 936 ut
1381 870 1574 935 refert
1604 869 2047 947 SozomenuS,
2072 869 2550 954 popularentur
2577 846 2741 932 Gal-

556 973 689 1037 lias
717 980 919 1056 atque
952 973 1128 1039 adeo
1161 973 1320 1064 plus
1350 975 1457 1037 45.
1487 972 1766 1059 oppida,
1794 969 2157 1037 Ammiano
2197 976 2389 1048 teste,
2419 988 2741 1052 occupas-

558 1083 730 1151 sent,
760 1074 1193 1141 Constantius
1224 1076 1404 1141 haud
1422 1079 1591 1141 satis
1615 1084 1834 1140 tutum
1849 1082 2059 1152 ratuS,
2075 1092 2164 1140 ex
2189 1070 2393 1139 Italia
2411 1071 2752 1147 secedere,

490 1230 497 1237 .
556 1173 906 1243 Iulianum
933 1178 1239 1259 AtheniS,
1269 1180 1386 1244 ubi
1417 1179 1887 1264 philosophum
1907 1179 2168 1263 agebat,
2186 1182 2567 1243 revocatum
2594 1174 2745 1239 (3ae-

559 1300 776 1346 sarem
811 1280 976 1348 facit
1007 1299 1179 1348 vui.
1220 1282 1323 1348 Id.
1372 1282 1705 1347 Novemb.
1737 1282 1936 1347 simul
1980 1280 2068 1346 ad
2112 1276 2497 1345 firmandam
2525 1276 2747 1356 fidem,

486 1395 491 1400 ’
564 1403 690 1448 sua
718 1384 781 1448 ei
810 1405 1036 1450 sorore
1068 1385 1338 1451 Helena
1370 1387 1611 1469 paucis
1639 1393 1801 1469 post
1831 1382 2116 1448 diebus
2095 1403 2168 1447 ln
2196 1380 2537 1468 conjugem
2563 1380 2750 1457 data,

560 1483 785 1570 ipsum
817 1488 1245 1572 transalpinis
1287 1488 1703 1587 praefectum,
1746 1488 1815 1551 in
1861 1485 2129 1552 Gallias
2177 1482 2285 1549 vel
2329 1482 2752 1568 imperatoris

563 1589 920 1671 imaginem
948 1590 1265 1672 laturum,
1296 1599 1369 1655 ut
1390 1593 1485 1675 ait
1513 1590 1872 1656 Julianus
1854 1611 2024 1675 ipse,
2051 1588 2158 1653 vel
2185 1584 2408 1672 potius
2430 1585 2754 1650 adversus

563 1693 884 1759 barbaros
916 1694 1380 1760 dimicaturum
1409 1696 1639 1759 mittit.
1729 1694 1939 1777 Igitur
1982 1710 2129 1758 cum
2170 1691 2322 1757 360.
2352 1697 2602 1755 tanturn
2632 1680 2759 1752 mi-'

565 1792 824 1874 litibus,
857 1803 934 1860 ut
961 1799 1112 1881 ipse
1145 1796 1239 1861 ait
1277 1797 1406 1881 Ep.
1438 1796 1526 1862 ad
1561 1790 1634 1862 S.
1662 1797 1746 1860 P.
1778 1794 1868 1875 Q.
1916 1793 2155 1861 Athen.
2186 1793 2427 1879 quibus
2454 1794 2551 1857 ita
2582 1811 2752 1876 prae-

568 1904 740 1975 erat,
787 1905 860 1962 ut
897 1899 1064 1964 nihil
1111 1901 1254 1965 sine
1298 1900 1543 1965 ducum
1585 1899 1868 1964 consilio
1897 1916 2094 1976 agere
2132 1904 2388 1982 posset,
2430 1894 2587 1960 Kal.
2623 1894 2752 1959 De-

568 2002 782 2066 cemb.
813 2006 833 2037 ‘
863 2022 1177 2086 egressus
1208 2002 1679 2086 deductusque
1710 2003 1797 2066 ab
1829 2000 2142 2084 Augusto
2168 2000 2253 2064 ad
2283 2019 2498 2083 usque
2528 1999 2755 2063 locum

512 2136 517 2141 -
566 2103 832 2169 duabus
881 2106 1208 2170 columnis
1256 2105 1609 2188 insignem,
1660 2105 1775 2189 qui
1819 2102 2239 2168 Laumellum
2291 2101 2640 2184 interjacet
2689 2103 2759 2163 et

570 2205 906 2285 Ticinum,
951 2210 1297 2274 itineribus
1339 2209 1537 2273 rectis
1580 2206 1914 2272 Taurinos
1963 2202 2311 2290 pervenit,’
2358 2203 2475 2269 ubi
2527 2202 2759 2267 audito

569 2312 824 2391 nuntio⁴
850 2316 870 2347 ‘
891 2310 1239 2376 Coloniam
1261 2310 1725 2397 Agrippinam
1766 2309 2086 2393 pertinaci
2117 2309 2547 2373 barbarorum
2578 2306 2754 2370 obsi-

573 2412 769 2476 dione
796 2422 1157 2478 reseratam
1186 2420 1255 2479 et
1283 2415 1547 2495 magnis
1583 2413 1837 2478 viribus
1881 2409 2223 2489 deletam,'
2252 2409 2522 2493 agnovit
2550 2415 2759 2492 quari-

572 2522 715 2578 tum
746 2523 1030 2599 accepta
1059 2516 1186 2580 hac
1221 2516 1577 2601 provincia
1621 2534 1773 2580 sese
1822 2513 1890 2579 in
1939 2513 2299 2579 discrimen
2344 2510 2759 2595 conjecisset.

575 2614 869 2700 Ipseque
898 2618 1248 2683 dictitabat
1278 2624 1300 2653 ‘
1330 2618 1497 2683 nihil
1543 2636 1619 2683 se
1668 2616 1957 2703 amplius
2002 2623 2413 2693 assecutum,
2447 2634 2645 2698 quam
2688 2616 2763 2678 ut

575 2720 963 2802 occupatior
1000 2718 1346 2797 interiret,'
1391 2727 1458 2786 et
1498 2720 1664 2785 illud
1695 2720 2155 2797 Homericum,
2188 2718 2274 2783 de
2302 2718 2414 2782 die
2445 2737 2582 2803 quo
2609 2736 2764 2800 pur-

574 2840 808 2905 puram
853 2830 1203 2902 sumserat,
1224 2819 1498 2904 Ἕλλαβε
1537 2821 1848 2910 πορφύρεος
1887 2819 2116 2895 θάνατος
2154 2821 2252 2884 καὶ
2297 2823 2468 2907 μοῖρα
2498 2815 2763 2905 κραταίη,

582 2921 766 3008 Cepit
796 2944 1120 3009 purpurea
1169 2947 1333 2989 mors
1377 2938 1436 2989 et
1469 2947 1671 3011 parca
1713 2923 2005 2989 violenta.
2089 2922 2428 2990 Viennam
2476 2923 2629 2988 inde
2673 2921 2766 2986 ad

577 3026 982 3092 Rhodanum
1005 3048 1421 3113 progressus,
1439 3048 1682 3111 magno
1700 3028 1996 3093 omniurn
2019 3029 2413 3112 populorum
2433 3041 2769 3092 concursu

579 3138 648 3194 et
676 3133 1160 3197 acclamatione
1198 3142 1522 3218 exceptus
1570 3139 1694 3198 est.
1786 3130 2030 3196 ‘Tunc
2079 3148 2250 3194 anus
2281 3127 2638 3214 quaedam,'
2664 3129 2770 3191 in-

583 3236 732 3315 quit
763 3231 1227 3312 AmmianuS,‘
1259 3237 1494 3301 orbata
1516 3235 1902 3312 luminibus,
1928 3254 2079 3298 cum
2104 3232 2600 3318 percunctando
2623 3233 2776 3315 qui-

582 3329 733 3403 nam
777 3348 957 3400 esset
1000 3338 1358 3419 ingressuS,
1388 3338 1739 3403 sulianum
1784 3336 2119 3402 Caesarem
2160 3338 2613 3420 comperisset,
2645 3352 2776 3400 ex-

583 3439 907 3504 clamavit
934 3440 1111 3503 hunc
1141 3439 1445 3504 Deorum
1475 3442 1725 3523 templa
1758 3447 2246 3523 reparaturum.
2249 3437 2266 3466 '
2357 3438 2569 3521 Cujus
2600 3458 2773 3522 praa·-

587 3541 760 3625 sagii
789 3538 991 3607 fidem
1035 3543 1127 3607 rei
1174 3551 1452 3607 eventus
1494 3532 1880 3633 nonbm'ulto
1927 3547 2086 3627 post
2134 3541 2573 3620 confirmavit,
2617 3560 2775 3605 cnm

583 3644 802 3711 factus
832 3646 1186 3729 imperator
1213 3664 1347 3709 non
1369 3646 1513 3731 jam
1546 3644 1629 3710 de
1653 3654 1857 3711 nocte
1884 3659 1955 3710 et
1981 3645 2380 3722 clanculum,
2404 3644 2522 3708 sed
2543 3642 2778 3728 palam

586 3751 849 3834 ejurata
878 3748 1260 3815 Christiana
1284 3749 1599 3832 religione
1629 3747 2066 3833 gentilitatem
2097 3748 2445 3831 professus
2473 3759 2601 3811 est.

562 3976 571 3986 .
672 3911 761 3979 A.
787 3913 877 3979 U.
900 3912 979 3979 C.
1014 3928 1231 3978 mclx,
1292 3909 1536 3976 Christi
1563 3923 1861 3973 cccnvr.
1919 3904 2303 3973 Constantii
2328 3903 2508 3987 Aug.
2542 3917 2688 3968 xX.

1324 4012 1371 4078 J
1376 4011 1588 4076 ullam
1618 4010 1823 4074 AEtat.
1854 4024 2048 4073 xxv.

562 4127 565 4129 ’
678 4135 1159 4227 Constantius
1139 4152 1208 4197 ln
1237 4133 1462 4201 urbem
1486 4128 1924 4213 triumphanti
1951 4126 2190 4191 similis
2211 4124 2612 4207 regreditur·
2595 4171 2614 4203 ,
2656 4121 2786 4187 Ju-

591 4218 813 4305 lianus
841 4254 995 4305 vero
1021 4238 1149 4303 hoc
1178 4255 1350 4302 anno
1379 4232 1638 4311 consul,
1663 4232 1895 4314 hyeme
1918 4228 2205 4295 Viennae
2232 4233 2497 4301 exacta,
2527 4228 2598 4292 in
2629 4226 2788 4297 bar·
