3084 4959
444 350 620 427 1122
915 367 983 419 c.
1029 367 1097 415 c.
1143 364 1565 421 scnwsnzu
1616 361 2185 417 ιἰιοωιαωιιιιη

445 531 603 593 ano,
632 512 701 579 in
737 510 910 583 libro
943 509 1037 576 ‘de
1073 508 1521 595 providentia,
1551 508 1938 593 appellatur
1964 511 1987 542 ‘
2009 507 2451 577 Treverorum
2493 508 2655 577 urbs

409 639 414 644 ·
444 612 1039 692 excellentissima,
1067 632 1333 683 summa
1356 613 1519 678 urbs
1548 608 1943 683 Gallorum!
2028 610 2208 677 Haec
2238 609 2423 687 urbs,
2450 610 2655 694 quasi

446 716 689 791 aemula
721 712 994 792 Romae,
1033 715 1469 799 superbiebat
1503 715 1794 791 Palatio,
1838 712 2211 798 Capitolio,
2250 708 2655 796 Amphitus».

447 826 622 896 atro,
644 816 849 882 Circo
879 816 1216 893 Maximo,
1235 823 1307 883 et
1328 816 1483 885 aliis
1509 816 1886 901 splendidis
1911 814 2247 885 aedificiis.
2322 815 2657 883 Instructn

445 926 591 987 erat
618 937 947 985 armorum
978 922 1049 983 et
1075 924 1498 991 monetarum
1535 916 1861 995 officiuim
1903 918 2078 987 unde
2115 924 2184 991 et
2225 918 2319 987 ibi
2348 917 2657 1001 frequen·

446 1020 581 1095 tius
607 1021 879 1087 effossae
918 1028 1077 1089 sunt
1101 1027 1420 1099 monetae,
1449 1021 1840 1106 cumprimis
1888 1021 2297 1091 Diocletiani
2326 1027 2398 1087 et
2430 1019 2655 1086 Maxi·

444 1125 684 1203 miani,
713 1142 874 1209 quae
903 1123 1105 1195 modo
1141 1124 1355 1191 literis
1386 1140 1515 1188 'ra-
1543 1123 1745 1188 modo
1777 1140 1838 1191 s.
1874 1141 1947 1190 T.
1973 1124 2176 1192 modo
2207 1142 2270 1191 Ρ,
2301 1141 2425 1191 Ta.
2454 1123 2660 1207 insig-

445 1227 607 1303 nitae
635 1233 811 1304 sunt,
839 1226 887 1295 i.
918 1246 982 1299 e.
1026 1231 1049 1261 ‘
1071 1224 1428 1304 Treveris,’
1469 1231 1492 1262 ‘
1513 1227 1813 1308 ,Signatae
1848 1225 2205 1306 Treveris,'
2244 1232 2265 1262 ‘
2295 1227 2657 1295 Percussae

446 1327 804 1397 Treveris!
889 1329 1009 1393 Sic
1046 1328 1361 1395 Treveris
1397 1334 1540 1397 erat
1581 1329 1718 1399 illis
1760 1330 2179 1412 temporibus
2217 1332 2415 1415 quasi
2445 1329 2659 1397 domi-

448 1434 676 1507 cilium
705 1431 974 1515 imperii
1001 1429 1364 1509 Gallicani,
1389 1437 1461 1496 et
1487 1438 1784 1497 castrum
1815 1431 1903 1496 ad
1935 1431 2355 1501 cohibendas
2381 1432 2664 1499 Germa-

446 1541 693 1607 norum
720 1533 1135 1601 invasiones.
1223 1533 1358 1609 Ibi,
1390 1534 1494 1605 uti
1518 1533 1664 1618 jam
1693 1535 1833 1605 fere
1862 1541 2023 1600 ante
2051 1534 2402 1605 biennium
2432 1531 2662 1601 Maxi-

447 1638 711 1709 mianus
757 1636 1237 1712 celebraverat,
1294 1652 1470 1703 xxr.
1557 1635 1842 1720 Aprilis,
1899 1637 2077 1705 diem
2130 1637 2419 1707 natalem
2472 1636 2665 1703 urbis

451 1738 725 1816 Romae,
755 1748 830 1805 et
869 1735 1315 1805 Mamertinus
1355 1739 1647 1822 priorem
1690 1739 1957 1807 dixerat
1995 1739 2520 1824 Panegyricum
2565 1740 2665 1805 ita

449 1861 628 1909 nunc
672 1839 925 1905 ibidem
973 1840 1044 1904 in
1082 1841 1353 1923 gemino
1390 1841 1601 1913 natali
1644 1841 1991 1927 utriusque
2036 1841 2501 1933 Imperatoris»,
2529 1843 2664 1907 for·

452 1953 641 2011 tasse
683 1941 1017 2017 Kalendis
1059 1943 1474 2021 Februariis,
1504 1962 1679 2011 anno
1710 1944 1963 2015 Christi
1994 1960 2243 2013 ccxcl.
2273 1945 2343 2009 in
2375 1949 2663 2028 augusto

452 2046 743 2119 cohortis
795 2045 1152 2122 Palatinas,
1202 2044 1849 2130 Treverensiumque
1909 2040 2452 2128 magistratuum,
2505 2062 2664 2111 con·

452 2154 674 2226 sessu,
722 2146 1017 2215 facunda
1063 2149 1366 2215 oratione
1416 2153 1770 2221 veneratus
1822 2154 1933 2215 est
1977 2147 2477 2217 Maximianum
2521 2147 2666 2217 Au-

453 2257 746 2335 gustum,
780 2256 938 2319 tunc
971 2256 1393 2333 praesentem.

1456 2434 1672 2501 VIII.

545 2556 747 2625 Nunc
799 2557 1241 2625 convertimur
1294 2555 1381 2623 ad
1431 2556 1658 2641 ipsum
1711 2555 2101 2625 Mamertini
2151 2557 2671 2643 Panegyricum,

457 2659 657 2744 hujus
702 2660 975 2725 brevem
1027 2659 1370 2744 Synopsin
1421 2660 1856 2743 praemissuri.
1892 2704 1898 2711 ·
1943 2659 2027 2724 In
2069 2661 2373 2739 exordio,
2417 2680 2571 2744 cap.
2616 2677 2672 2731 ι.

455 2769 534 2829 et
579 2779 662 2827 11.
704 2763 1029 2833 rationem
1073 2762 1268 2828 affert
1310 2761 1816 2845 Panegyristes,
1861 2780 1982 2852 cur
2029 2763 2336 2831 oratione
2383 2764 2675 2836 celebret

459 2865 800 2948 geminum
863 2865 1155 2933 natalem
1214 2854 1559 2948 utriusque
1614 2864 2078 2949 Imperatoris,
2142 2866 2545 2937 Diocletiani
2601 2873 2676 2935 et

463 2967 916 3039 Maximianiz
971 2985 1213 3051 nempe
1265 2967 1433 3052 quia
1479 2987 1714 3035 omnes
1767 2968 1891 3035 alii
1944 2968 2152 3035 etiam
2202 2979 2526 3035 conentur
2565 2966 2676 3037 his

462 3070 762 3145 debitum
806 3070 1200 3151 exsolvere;
1252 3075 1320 3135 et
1360 3077 1437 3136 ut
1480 3076 1878 3157 compenset
1922 3070 2314 3149 orationem,
2355 3089 2560 3154 quam
2604 3071 2679 3139 in

461 3171 1071 3256 quinquennalibus
1126 3172 1379 3241 habere
1436 3193 1571 3241 non
1624 3174 1966 3258 potuerit;
2027 3179 2096 3239 et
2153 3173 2458 3257 denique,
2510 3173 2678 3257 quia

459 3274 896 3347 illustriorem
954 3274 1292 3347 existimet
1350 3275 1529 3341 diem
1579 3276 1871 3345 natalem
1924 3275 2110 3354 vitae,
2155 3294 2362 3361 quam
2411 3275 2680 3360 imperii

392 3360 412 3378 ⁸
464 3375 991 3465 Imperatorum.
1092 3375 1180 3440 In
1229 3378 1658 3456 tractatione,
1709 3398 1865 3462 cap.
1922 3394 2038 3443 ιιι.
2091 3378 2447 3461 generatim
2501 3397 2678 3460 prae-

465 3478 677 3553 mittit
737 3477 974 3547 laudes
1031 3478 1384 3567 utriusque
1450 3478 1911 3564 ImperatoriS,
1958 3480 2459 3565 proedicatque,
2516 3479 2679 3549 illos

436 3601 811 3666 ,nunquam
859 3582 1003 3648 otio
1056 3582 1533 3666 acquiescere:
1591 3584 1754 3668 quia
1797 3582 2136 3651 imitentur
2182 3581 2500 3666 exempla
2539 3580 2683 3647 De-

469 3702 684 3756 orum,
744 3690 1089 3751 auctorum
1142 3684 1407 3767 generis
1459 3684 1591 3762 sui,
1647 3703 1891 3768 nempe
1949 3683 1996 3751 J
2002 3685 2153 3753 ovis
2211 3688 2282 3753 et
2333 3682 2682 3762 Herculis,

469 3804 733 3869 semper
773 3784 1037 3869 aliquid
1075 3786 1437 3870 agentium,
1464 3792 1531 3853 et
1571 3786 1896 3870 agendum
1937 3787 2358 3868 curantium;
2403 3805 2484 3852 ac
2515 3804 2683 3870 quo-

467 3887 655 3961 niam
698 3906 741 3952 a
783 3886 1017 3970 primis
1059 3888 1249 3960 annis
1295 3888 1383 3957 ad
1438 3889 1932 3970 infatigabilem
1983 3888 2533 3959 consuetudinem
2583 3886 2682 3956 la·

469 3990 662 4061 boris
707 3989 855 4057 nati
906 3989 1330 4075 institutique
1383 3992 1537 4059 sint.
1624 3991 1915 4071 Deinde,
1969 4011 2125 4076 cap.
2171 4007 2277 4059 lv.
2326 3996 2396 4056 et
2441 4007 2516 4056 v,
2561 4009 2687 4074 per

471 4090 1018 4178 praeteritionem,
1075 4091 1310 4167 laudat
1364 4094 1594 4167 varias
1650 4095 1960 4178 ipsorum
2018 4093 2514 4178 expeditiones,
2574 4110 2688 4159 res

475 4195 659 4263 bello
697 4199 953 4278 gestas,
996 4197 1068 4263 et
1104 4194 1428 4267 victorias
1468 4198 1742 4266 relatas.
1835 4196 2126 4278 Deinde,
2164 4196 2510 4282 sigillatim
2547 4196 2690 4279 sibi
2789 4258 2813 4275 ,
