3084 4959
479 359 653 434 1418
1117 369 1434 419 mesni-1
1481 363 2022 417 muneramus

478 520 683 597 tendi,
715 516 1100 600 Aquileiam
1119 523 1145 552 ⁸
1188 533 1460 597 quoque
1490 511 1577 577 de
1605 511 1847 593 legatis
1876 528 2104 574 eorum
2135 526 2218 572 ac
2250 506 2673 591 supplicibus

481 622 880 706 recepisses,
911 617 1269 701 cunctique
1310 636 1388 680 se
1431 614 1558 680 tibi
1603 613 2045 690 dedidissent,
2082 630 2254 694 quos
2294 609 2702 703 obsidendo·

482 743 894 801 servaveraS,
939 719 1255 804 ignovisti
1301 718 1636 796 omnibus,
1672 722 1740 781 et
1776 716 2004 794 vitam,
2036 733 2238 798 quam
2283 712 2673 798 desperave-

481 834 653 907 rant,
685 824 1057 899 reddidisti.
1141 823 1207 887 2.
1250 821 1339 887 Et
1368 819 1637 905 quidem
1673 818 1943 903 jussisti
1988 837 2174 883 arma
2212 814 2566 899 deponere,
2602 821 2677 879 ut

480 932 689 997 multo
717 930 922 993 tutius
951 925 1231 992 victoris
1268 924 1521 1008 pietate
1557 927 1956 1007 tegerentur:
2002 927 2076 984 ut
2117 927 2342 984 tamen
2383 918 2677 1003 pertina-

483 1034 611 1098 ciae
656 1051 803 1096 suae
848 1029 1086 1094 merita
1134 1028 1468 1101 sentirent,
1507 1026 1758 1109 corripi
1796 1044 1942 1102 eos,
1981 1023 2344 1107 vincirique
2380 1020 2676 1106 jussisti,

479 1150 615 1195 non
662 1128 751 1197 ad
797 1127 1231 1213 supplicium,
1257 1125 1379 1189 sed
1411 1124 1656 1205 vitam3
1699 1144 1780 1188 ne
1807 1123 2239 1188 conscientiae
2275 1122 2507 1185 timore
2544 1119 2678 1184 dif-

481 1232 804 1315 fugerent,
850 1225 1322 1313 graviterqueb
1364 1227 1835 1311 delinquerent,
1856 1222 2389 1305 ,conservarique
2437 1222 2677 1286 iterum

483 1353 612 1401 non
645 1337 1063 1410 mererentur,
1093 1332 1153 1395 si
1185 1330 1437 1396 servati
1467 1342 1600 1395 non
1627 1328 1937 1395 fuissent..
2016 1327 2083 1391 3.
2119 1326 2256 1392 Sed
2288 1325 2459 1391 unde
2491 1330 2679 1389 tanto

481 1438 818 1502 hominum
864 1454 1138 1501 numero
1183 1440 1287 1501 tot
1315 1433 1606 1510 vincula,
1637 1452 1794 1518 quae
1840 1431 2185 1497 continere
2225 1429 2573 1506 militares,
2611 1440 2685 1493 et

481 1541 693 1624 paulo
737 1545 892 1604 ante
944 1545 1237 1603 armatas
1282 1554 1517 1602 manus
1562 1522 1891 1620 possenti
1982 1536 2046 1601 4.
2091 1534 2372 1617 Stupere
2404 1532 2679 1610 militeS‚

484 1644 602 1728 qui
648 1640 1119 1727 perducendos
1157 1645 1612 1723 susceperant,
1639 1646 1711 1703 et
1742 1637 2075 1703 custodiae
2107 1640 2333 1702 curam
2366 1636 2677 1711 abnuere,

484 1753 553 1811 et
599 1764 875 1830 prorsus
919 1744 1198 1819 nescire,
1247 1742 1412 1826 quid
1458 1742 1800 1821 facerent3
1843 1741 1977 1825 ipsi
2019 1740 2247 1816 etiam,
2280 1739 2395 1821 qui
2439 1738 2564 1801 tibi
2606 1737 2680 1800 in

485 1848 772 1913 consilio
799 1854 1012 1925 erant,
1041 1847 1188 1931 ipse
1218 1848 1425 1911 etiarn
1462 1846 1820 1928 praefectus
1860 1844 2148 1919 haerere3
2194 1863 2344 1908 cum
2378 1849 2477 1920 tu,
2505 1840 2683 1904 divi-

371 2012 382 2019 ,
482 1970 576 2016 no
617 1951 907 2019 monitus
956 1951 1305 2026 instinctu,
1335 1948 1418 2013 de
1465 1947 1705 2030 gladiis
1757 1955 2020 2013 eorume
2064 1948 2328 2027 gemina
2371 1944 2681 2009 manibus

484 2053 703 2136 aptari
749 2054 1050 2119 claustra
1092 2051 1416 2138 Jussisti,·
1457 2059 1535 2119 ut
1581 2058 1920 2118 servarent
1968 2050 2235 2116 deditos
2282 2048 2491 2132 gladii
2551 2047 2680 2123 sui,

484 2171 661 2240 quos·
690 2175 823 2222 non
852 2155 1287 2222 defenderant
1313 2169 1783 2241 repugnantes.
1864 2232 1873 2239 ,

571 2258 751 2325 car.
800 2276 948 2324 xu.
1037 2260 1099 2324 1.
1144 2258 1205 2323 Ο
1254 2258 1790 2343 pulcherrimum,
1833 2262 1899 2322 et
1945 2257 2064 2343 qui
2115 2256 2414 2321 omnium
2462 2253 2685 2320 oculis

488 2361 735 2445 subjici
779 2361 1144 2433 debuisset,
1196 2362 1599 2445 triumphum
1651 2361 1916 2426 virtutis
1967 2367 2037 2424 et
2081 2361 2454 2425 clementiae
2508 2357 2683 2421 tuae!

490 2463 684 2548 cujus
740 2464 913 2529 enim
969 2463 1294 2549 potentiae
1350 2463 1500 2543 fuit,
1551 2463 1860 2528 hostibus
1918 2483 2103 2529 arma
2160 2461 2484 2545 deripere,
2531 2460 2683 2544 ejus

487 2567 941 2645 humanitatiS,
982 2567 1241 2633 deditos
1287 2566 1372 2632 ad
1420 2566 1891 2652 impunitatem
1941 2568 2084 2632 suis
2135 2566 2338 2630 armis
2364 2564 2686 2647 alligare,

488 2676 692 2753 atque
720 2670 820 2735 ita
846 2670 1119 2746 vincire,
1153 2678 1229 2736 ut
1257 2689 1381 2735 eos
1420 2669 1576 2736 ferri
1616 2670 1827 2750 illius,
1858 2671 2038 2756 quod
2083 2677 2318 2735 contra
2355 2673 2421 2733 te
2461 2686 2683 2750 gesse-

552 2840 577 2865 ·
615 2833 832 2899 Constat-i
851 2833 1117 2884 retinacula
1137 2838 1251 2899 apta
1269 2833 1477 2897 geminis
1495 2833 1714 2884 manibus
1730 2834 2008 2885 vinciendis.

554 3045 690 3095 CAP.
717 3057 795 3093 xl.
861 3048 887 3093 1
930 3042 1102 3100 Liviu.
1134 3058 1294 3094 eorum
1315 3044 1624 3108 supplicibus.
1670 3045 1840 3095 Rivin.
1861 3052 1917 3095 et
1939 3044 2059 3095 edd.
2094 3053 2215 3095 ante
2241 3045 2399 3096 Grut.
2424 3045 2514 3094 tibi
2533 3045 2685 3095 dedis·

489 3116 628 3168 επις
683 3111 813 3160 Exc.
836 3110 999 3173 Lang.
1025 3110 1465 3161 Exc.Schonhov.
1489 3111 1705 3173 Cuspin.
1731 3110 1889 3161 Grnt.
1923 3120 1981 3161 et
2016 3120 2240 3160 recenti.
2261 3111 2352 3161 tibi
2372 3112 2689 3161 dedidissent.-

491 3184 546 3224 et
568 3176 643 3226 sic
681 3174 844 3224 voluit
878 3174 1211 3224 Rhenum—2
1248 3175 1511 3225 Acidalins
1535 3177 1672 3240 conj.
1708 3176 1995 3240 graviusque
2017 3176 2357 3239 delinquerent.
2424 3177 2512 3226 ‘Si
2536 3175 2688 3226 codd.

492 3242 698 3288 adesset
736 3238 1039 3300 auctoritas,
1082 3239 1405 3290 assentirer.’
1434 3240 1609 3291 Amtz.
1659 3256 1753 3290 noa
1792 3247 2033 3291 merentur
2052 3242 2181 3291 Vet.
2224 3241 2444 3291 Putean.
2480 3251 2535 3292 et
2568 3241 2690 3291 edd.

489 3312 611 3353 ante
634 3303 869 3354 Rhenan.
903 3320 995 3353 non
1012 3310 1303 3354 mererentur
1322 3306 1486 3356 vatic.
1512 3306 1644 3355 Exc.
1662 3306 1951 3356 Schonbov.
1972 3306 2128 3357 Grut.
2144 3312 2201 3357 et
2219 3312 2534 3357 meeum—4
2555 3306 2688 3356 Edd.

490 3376 624 3419 vett.
658 3369 740 3432 qai
764 3370 1119 3432 producendo&
1171 3370 1295 3418 Vet.
1320 3371 1489 3420 Livin-
1510 3370 1714 3420 Bertin.
1736 3372 1913 3421 Moerl.
1950 3379 2006 3421 et
2034 3368 2234 3428 Joeger.
2253 3373 2336 3436 qui
2355 3373 2690 3437 perducendos.

490 3436 641 3497 Mox,
657 3448 774 3482 cara
792 3434 995 3483 abnuere
1017 3434 1139 3484 Vet.
1163 3434 1328 3484 Livin.
1362 3435 1455 3484 tibi
1481 3437 1658 3485 omisit
1683 3436 1853 3486 Rivin.
1886 3441 2041 3485 motas
2061 3437 2292 3487 instincta
2317 3439 2490 3487 Moerl.
2530 3443 2545 3466 ⁴
2565 3436 2691 3486 Vul—

492 3508 617 3565 gata
641 3501 842 3550 melior.
877 3496 960 3548 Cf.
987 3500 1201 3548 Eumen.
1225 3514 1319 3563 pro
1344 3499 1573 3552 Instant.
1597 3501 1768 3550 Sebol.
1792 3514 1919 3552 xtx.
1940 3503 2005 3552 ⁸:
2025 3502 2203 3552 Amtz.

558 3567 816 3616 CAPJH·
870 3568 899 3613 1
925 3564 1157 3615 Patarol.
1181 3573 1237 3614 et
1258 3565 1381 3615 edd.
1404 3571 1531 3616 vett.
1567 3578 1701 3617 arm
1735 3568 1977 3631 diripere,·
2038 3568 2199 3618 Grut.
2222 3576 2278 3618 et
2311 3574 2538 3618 recentt.
2556 3581 2690 3616 arma

491 3633 722 3695 deripere.
786 3629 910 3679 Vid·
932 3629 1117 3680 Heius.
1155 3629 1218 3679 sd
1257 3630 1414 3683 Ovid.
1449 3632 1585 3682 Met.
1623 3645 1708 3682 m.
1729 3636 1810 3682 52.
1864 3632 2196 3696 impunitatem
2228 3634 2306 3683 mi
2338 3632 2542 3696 alligare
2564 3632 2691 3685 Vet-

489 3698 713 3747 Putean.
739 3696 859 3745 Vet.
888 3695 1052 3746 Livin.
1087 3696 1290 3746 Bertin.
1329 3705 1384 3747 et
1406 3696 1532 3747 Vat.
1581 3699 1644 3745 ad
1669 3698 1898 3762 pietatem
1919 3698 1992 3747 sui
2012 3699 2217 3760 alligare
2243 3699 2416 3748 Moerl.
2474 3705 2489 3727 ‘
2508 3698 2689 3749 Lectio

491 3763 685 3811 nemini
708 3759 1215 3825 probanda.'Joeger.
1280 3764 1342 3811 ad
1363 3763 1695 3826 impunitatem
1721 3763 1798 3812 eui
1825 3762 1974 3812 armis
2004 3764 2210 3826 alligare
2234 3765 2363 3814 Exc.
2389 3764 2513 3813 Pnt.
2559 3765 2621 3812 ad
2651 3763 2691 3811 i.

489 3829 590 3877 suis
608 3829 772 3885 armis,
794 3830 878 3890 ξε.
898 3827 1052 3877 Grut.
1077 3827 1245 3877 Baun.
1264 3827 1458 3879 Cellar.
1482 3828 1717 3879 Patarol.
1741 3837 2043 3895 ceteraeque
2066 3829 2187 3879 edd.
2233 3835 2373 3895 atque
2393 3830 2537 3879 etiam
2556 3828 2695 3878 Rhe·

1446 4010 1452 4017 ·
1480 3942 1700 3995 Nom:

490 4107 493 4110 ὴ
558 4047 582 4073 ⁸
621 4039 917 4104 Aquileiam]
965 4039 1051 4089 De
1095 4038 1414 4104 Aquileiensi
1464 4054 1556 4092 ex·
1624 4042 1696 4092 lio
1723 4042 1915 4106 placet.

493 4117 808 4178 pugnatione
823 4115 942 4166 vide
956 4131 1116 4180 supra
1133 4117 1332 4183 Paneg.
1350 4125 1556 4186 vre‘cnp»
1689 4127 1713 4154 ⁶
1744 4120 1825 4171 De
1852 4119 2035 4184 gladiis
2065 4118 2252 4181 eoram]
2286 4119 2514 4169 Militum
2545 4132 2697 4168 enses

495 4197 545 4242 6.
570 4201 679 4242 not.
698 4192 734 4242 f.
1171 4232 1174 4233 ⁷
1626 4198 1679 4246 in
1711 4198 2030 4249 vinculorum
2070 4196 2291 4249 formam
2327 4194 2540 4248 conflari
2573 4196 2695 4260 jus·

555 4267 579 4303 b
616 4268 870 4333 Graviter]
908 4269 989 4320 An
1017 4271 1245 4336 gravia?
1278 4277 1337 4323 ut
1360 4270 1551 4323 Acida—
1624 4274 1711 4324 sit.
