3084 4959
568 341 742 407 1544
1574 349 1753 400 vim

568 512 758 567 tuum
820 500 1015 584 regiis
1064 500 1262 583 plane
1310 499 1616 581 exequiis
1665 497 2085 563 cohonestat.
2176 494 2334 574 Qua
2391 494 2776 562 Theodosii

569 604 1065 687 magnificentia
1094 601 1349 665 deliniti
1395 600 1611 666 Gothi
1656 603 1741 665 ab
1792 599 2363 664 incursationibus
2410 600 2775 665 abstinent.

572 707 683 772 lta
716 707 893 771 Idat.
927 705 1270 781 Zosimus,
1305 704 1620 787 Prosper,
1652 702 1960 768 Marcell.
1993 700 2264 765 Comes.
2312 700 2566 767 Eodem
2595 723 2776 768 anno

573 807 878 874 secunda
918 805 1216 889 synodus
1265 803 1688 869 oecumenica
1719 802 2313 888 Constantinopoli
2358 802 2586 870 hahita
2635 813 2774 885 est,

570 909 641 975 in
673 929 810 995 qua
840 910 927 973 ab
962 908 1110 972 150.
1138 908 1484 992 episcopis
1526 914 1764 973 contra
1812 904 2291 970 Macedonium
2338 906 2426 971 de
2472 907 2777 992 Spiritus

570 1012 808 1080 Sancti
837 1012 1189 1077 divinitate
1220 1011 1571 1078 decretum
1600 1010 1855 1077 editum
1886 1013 1991 1074 est
2018 1028 2170 1075 cum
2199 1008 2363 1076 fidei
2392 1012 2726 1095 symbolo.

569 1181 574 1188 ’
613 1190 702 1256 Α.
736 1189 823 1256 U.
844 1190 922 1259 C.
956 1209 1319 1257 mcxxxv.
1385 1183 1651 1257 'Christi
1684 1206 2146 1256 CCCLXXXII.
2216 1188 2529 1256 Gratiani
2560 1203 2730 1253 xvr.

1034 1294 1372 1394 TheodOS.
1399 1295 1574 1381 Imp.
1609 1312 1703 1359 ιν.
1750 1295 1955 1360 AEtat.
1993 1309 2316 1359 xxxvn.
2609 1289 2613 1294 ’

657 1411 1092 1479 Theodosius
1122 1413 1591 1479 Valentiniani
1623 1411 1857 1494 Magni
1898 1432 2073 1477 anno
2103 1411 2353 1477 Christi
2385 1426 2778 1478 cccnxxv.

569 1515 639 1579 in
671 1514 921 1580 Galliis
953 1515 1135 1600 apud
1167 1514 1704 1598 Bergentionem,
1736 1534 1893 1579 cum
1941 1514 2338 1593 Quadorum
2381 1514 2621 1597 legatis
2668 1533 2779 1578 re-

569 1638 897 1701 sponsum
931 1618 1141 1696 daret,
1170 1618 1538 1702 apoplexia
1565 1617 1832 1693 mortui,
1865 1617 2159 1682 cadaver
2197 1617 2620 1701 deportatum
2657 1633 2778 1680 lx.

574 1721 740 1786 Kal.
776 1719 978 1785 Mart.
1022 1721 1207 1803 regia
1254 1719 1710 1785 munificentia
1763 1720 2046 1802 excipit.
2134 1719 2414 1785 Interim
2464 1720 2780 1784 Clemens

573 1824 926 1890 Maximus
949 1823 1080 1904 (sic
1110 1824 1289 1889 enim
1314 1843 1355 1887 a
1378 1823 1627 1888 Severo
1657 1822 2072 1907 appellatur)
2100 1823 2354 1906 origine
2380 1824 2776 1900 BritannuS,

571 1929 644 1992 in
675 1926 1047 1993 Britanniis
1078 1926 1498 2010 tyrannidem
1531 1932 1848 2010 occupat,
1881 1932 1950 1989 et
1981 1926 2140 1991 sede
2171 1924 2437 2010 imperii
2459 1925 2776 1990 Treveris

574 2030 935 2110 collocata,
965 2029 1307 2096 Victorem
1342 2029 1552 2094 filium
1578 2030 1843 2112 imperii
1875 2036 2258 2098 consortem
2284 2029 2579 2095 adhibet.
2666 2030 2782 2096 Ita

573 2133 918 2213 Zosimus,
949 2133 1293 2213 SocrateS,
1321 2129 1553 2199 Aurel.
1580 2132 1852 2200 Victor.

573 2315 663 2382 Α.
692 2316 781 2383 U.
813 2318 894 2384 C.
927 2335 1333 2385 mcxxxvr.
1386 2318 1635 2384 Christi
1670 2335 2175 2384 ccccxxxm.
2234 2318 2545 2385 Gratiani
2580 2334 2778 2383 xvu.

749 2419 1089 2489 Valentin.
1121 2440 1232 2488 lx.
1291 2423 1636 2491 Theodos.
1669 2423 1848 2508 Imp.
1883 2444 1947 2489 v.
1993 2424 2204 2488 AEtat.
2240 2440 2599 2488 xxxvlu.

664 2558 1091 2625 Theodosius
1138 2561 1349 2625 filium
1389 2560 1760 2627 Arcadium
1807 2560 2194 2643 Augustum
2240 2558 2409 2626 facit
2439 2577 2639 2625 xvn.
2668 2559 2778 2625 vel

577 2671 655 2730 ut
684 2663 782 2729 ait
809 2663 1126 2729 Socrates
1147 2681 1321 2741 xlv,
1354 2662 1514 2754 Kal.
1551 2665 1750 2729 Febr.
1781 2665 1868 2729 ad
1901 2683 2099 2749 quem
2144 2663 2619 2728 moderandum
2647 2661 2779 2727 Ar·
2872 2729 2881 2736 ,

578 2766 832 2844 senius,
864 2767 965 2829 vir
995 2785 1128 2831 non
1159 2767 1379 2831 minus
1413 2767 1794 2850 integritate
1839 2787 2119 2845 morum,
2162 2787 2363 2851 quam
2408 2765 2777 2832 eruditione

575 2868 884 2951 insigni&
915 2889 956 2933 a
981 2867 1293 2934 Damaso
1326 2869 1525 2953 Papa
1555 2869 2212 2955 Constantinopolim
2237 2872 2539 2938 mittitur.
2602 2867 2776 2934 Cum

577 2971 931 3038 Maximus
951 2983 1271 3056 tyrannus
1287 2972 1688 3038 Gratianum
1708 2972 2131 3039 Germanicis
2148 2974 2347 3038 bellis
2360 2959 2777 3037 debilitatum

579 3083 931 3159 aggressus
958 3074 1272 3158 Lugduni
1305 3093 1472 3139 vm.
1507 3077 1670 3143 Kal.
1698 3077 1889 3161 Sept.
1913 3075 2073 3141 dolo
2095 3091 2219 3162 per
2246 3074 2780 3158 Andragathium

577 3178 992 3260 peremisset,
1016 3177 1076 3242 is
1100 3197 1142 3241 a
1173 3177 1656 3244 Valentiniano
1679 3178 1766 3243 ad
1808 3179 2071 3264 imperii
2101 3180 2529 3255 societatem,
2572 3184 2644 3242 at
2686 3196 2779 3242 ex

579 3280 1004 3359 necessitate,
1030 3280 1418 3346 admittitur.
1476 3282 1906 3347 Theodosius
1929 3281 2077 3365 ejus
2106 3281 2355 3363 legatis
2379 3281 2448 3345 id
2479 3282 2702 3365 ipsum
2734 3302 2778 3347 a

582 3402 658 3446 se
679 3382 1177 3466 postulantibus
1195 3384 1363 3449 nihil
1380 3386 1544 3449 certi
1567 3385 2032 3468 respondit‚ne
2063 3384 2331 3450 insidiae
2361 3404 2627 3469 quoque
2638 3382 2778 3448 Va-

576 3485 937 3550 lentiniano
950 3484 1210 3570 juniori
1240 3488 1328 3551 ab
1360 3487 1594 3552 eodem
1625 3486 1941 3552 Maximo
1973 3495 2391 3565 struerentur,
2421 3495 2778 3571 antequam

578 3588 890 3654 collectis
931 3590 1153 3672 copiis
1184 3590 1427 3673 pupilli
1451 3591 1873 3675 imperatoris
1917 3589 2266 3674 pueritiam
2316 3590 2519 3655 armis
2547 3591 2783 3675 posset

575 3691 793 3755 tutari.
883 3689 1044 3754 Hoc
1090 3691 1540 3758 subodoratus
1597 3700 1946 3775 tyrannuS,
1992 3693 2300 3776 quamvis
2347 3691 2574 3757 foedus
2621 3711 2782 3757 cum

578 3792 1057 3859 Valentiniano
1084 3794 1344 3872 inisset,
1369 3793 1858 3874 Mediolanum,
1889 3796 2003 3859 ubi
2027 3793 2541 3860 Valentinianus
2560 3814 2782 3861 versa-

577 3899 795 3974 batur,
827 3901 1165 3974 venturus,
1210 3916 1641 3961 numerosum
1682 3897 2048 3963 exercitum
2080 3904 2386 3983 apparat.
2474 3899 2601 3964 Ille
2630 3919 2785 3965 cum

577 4009 789 4065 matre
819 3998 865 4063 J
873 4000 1100 4063 ustina
1150 4004 1216 4063 et
1270 3998 1500 4064 Probo
1551 3997 1931 4083 Hyparcho
1981 3998 2534 4068 Thessalonicam
2582 4001 2785 4085 fugit,

579 4100 953 4167 Theodosii
1007 4121 1208 4186 opem
1261 4101 1761 4185 imploraturus.
1853 4103 2194 4168 Martinus
2246 4104 2560 4171 Maximo
2609 4126 2789 4191 prae·

581 4204 846 4270 dixerat
875 4205 1184 4283 futurum,
1232 4210 1302 4270 ut
1353 4204 1413 4270 si
1456 4207 1530 4270 in
1564 4206 1841 4273 Italiam
1875 4206 2202 4273 adversus
2234 4204 2788 4276 Valentinianum
