3084 4959
815 407 1157 460 mssnnr'.
1201 406 1306 459 An
1353 405 1804 459 mansarum
1852 408 2131 461 nunc.
2413 394 2592 464 1129
2675 387 2682 394 ’

381 551 633 619 Eadem
681 548 890 618 editio
943 551 1148 618 etiam
1198 572 1342 637 prae
1385 572 1461 619 se
1506 554 1641 619 fert
1684 572 1934 620 annum
1984 551 2181 621 1655.
2225 558 2301 620 et
2339 573 2589 621 nomen

374 653 807 739 bibliopolae,
838 653 1177 720 Simeonis
1225 655 1440 738 Piget.
1526 655 1666 722 Sed
1712 655 1882 721 nihil
1929 655 2023 721 ibi
2070 662 2428 735 mutatum,
2453 658 2589 723 nisi

374 756 619 823 titulus
656 764 729 822 et
760 757 1049 821 formula
1095 756 1600 835 DedicationiS,
1638 777 1794 842 quoe
1831 758 2171 843 inscripta
2213 765 2327 823 est
2359 759 2587 825 Ludo·

374 861 533 925 vico
556 859 1032 944 Phelypeaux‚
1065 859 1366 925 Domino
1396 859 1479 924 de
1504 860 1842 939 Urilliere,
1863 864 1986 925 διο.
2060 858 2224 927 Non
2254 861 2589 927 immerito

374 961 508 1027 dici
539 968 765 1047 potest
794 962 1001 1027 editio
1029 960 1362 1038 Puteana‚
1393 981 1436 1027 a
1467 963 1715 1029 Claud.
1747 962 2090 1040 Puteano,
2119 968 2428 1029 senatore
2450 961 2587 1029 Pa·

373 1063 660 1141 risiensi,
691 1065 833 1147 qui,
867 1065 1032 1129 cum‘
1057 1065 1337 1143 viveret,
1357 1064 1443 1130 de
1469 1084 1652 1132 nova
1680 1065 1975 1132 editione
2006 1066 2352 1149 cogitavit,
2376 1069 2586 1150 quam

375 1185 530 1231 cum
569 1167 775 1232 variis
815 1164 996 1231 Mss.
1036 1166 1383 1249 diligenter
1426 1169 1770 1246 collatam,
1809 1174 1876 1234 et
1912 1168 2246 1249 Catanaei,
2287 1168 2586 1256 Raijani‚

375 1268 720 1347 Balduini,
768 1268 1083 1345 Livineii,
1151 1270 1401 1354 Lipsii,
1452 1277 1521 1335 et
1570 1270 1835 1337 Gruteri
1894 1273 2104 1349 notis,
2145 1291 2229 1338 ac
2270 1270 2586 1339 Valentis

372 1368 676 1435 Acidalii
716 1370 1120 1455 conjecturis
1163 1378 1458 1449 auctam,
1492 1372 1655 1437 item
1700 1372 1890 1438 Petri
1929 1373 2135 1439 Fabri
2181 1372 2587 1454 Sanioriani‚

377 1470 623 1538 Franc.
667 1472 714 1538 J
719 1475 914 1552 ureti,
956 1472 1220 1539 Theod.
1267 1473 1649 1549 Pulmanni,
1695 1480 1765 1539 et
1822 1474 2098 1541 Antonii
2143 1474 2584 1557 Schonhovii,

373 1570 655 1661 suisque
689 1575 992 1659 inprimis
1034 1575 1219 1640 notis
1259 1582 1330 1641 et
1367 1574 1950 1641 emendationibus
1990 1581 2183 1641 antea
2218 1595 2353 1640 non
2378 1576 2585 1643 editis

372 1676 874 1762 locupletatam,
935 1696 1089 1743 cum
1147 1680 1330 1742 esset
1387 1677 1702 1761 proxime
1776 1678 2101 1756 editurae,
2174 1688 2586 1764 praematura

370 1787 583 1845 morte
609 1781 806 1845 rebus
836 1780 1145 1846 humanis
1171 1787 1455 1864 ereptus
1481 1787 1604 1847 est.
1693 1781 1867 1847 Post
1894 1787 2175 1846 mortem
2213 1788 2460 1859 tamen,
2488 1799 2585 1846 ex

371 1882 560 1947 illius
601 1883 896 1963 schedis,
920 1884 1090 1949 -haec
1142 1883 1353 1950 editio
1399 1884 1731 1950 adornata
1773 1889 1901 1961 est,
1949 1884 2066 1949 cui
2112 1883 2298 1949 velut
2341 1882 2585 1949 funda-

370 1987 580 2050 menti
609 1985 765 2051 loco
791 1986 922 2052 fuit
949 1985 1161 2051 editio
1183 1985 1609 2065 Gruter-iana,
1639 2006 1749 2052 an.
1781 1986 1981 2053 1607.

455 2087 865 2174 Panegyrici
912 2089 1206 2155 Veteres
1248 2089 1801 2174 interpretatione
1847 2095 1917 2153 et
1965 2088 2148 2153 notis
2193 2088 2585 2155 inlustravit

371 2190 418 2256 J
421 2192 680 2257 acobus
702 2192 903 2257 Dela
929 2192 1192 2267 Baune,
1213 2190 1372 2256 Soc.
1396 2192 1444 2257 J
1447 2210 1544 2257 es.
1565 2191 1763 2275 jussu
1787 2189 2348 2255 christianissimi
2377 2189 2582 2272 regis,

368 2292 460 2358 ad
488 2309 692 2359 usum
722 2294 1073 2360 sereniss.
1106 2292 1456 2377 Delphini.
1543 2292 1835 2359 Parisiis
1863 2291 2050 2377 apud
2079 2291 2421 2357 Simonem
2451 2291 2585 2357 Be-

364 2394 555 2461 nard.
588 2415 698 2462 an.
731 2413 808 2461 M.
828 2413 978 2461 mc.
1002 2412 1286 2461 nxxvr.
1314 2397 1382 2460 4.
1472 2396 1719 2461 Editor
1746 2396 1862 2461 hic
1895 2404 2181 2462 secutus
2212 2398 2319 2461 est
2344 2393 2583 2461 editio·

368 2517 522 2562 nem
573 2498 1026 2565 Parisiensem
1083 2518 1190 2563 an.
1249 2497 1447 2564 1643.
1558 2497 1746 2578 Quid
1790 2505 2120 2582 praeterea
2162 2496 2583 2584 praestiterit,

357 2599 504 2683 jam
534 2601 603 2665 in
632 2601 1222 2668 observationibus
1251 2600 1337 2666 ad
1367 2599 1577 2666 Plinii
1608 2600 1867 2685 Paneg.
1904 2601 2372 2686 exposuimus.
2445 2598 2580 2665 Ea·

369 2702 525 2768 dem
552 2703 765 2768 editio
793 2723 1033 2769 recusa
1060 2710 1166 2769 est
1197 2723 1305 2767 an.
1335 2702 1531 2769 1728.
1555 2702 1917 2769 *Venetiiffi
2203 2771 2211 2780 ,

458 2804 838 2872 Duodecim
868 2804 1277 2891 Panegyrici
1314 2805 1629 2885 Veteres,
1657 2826 1743 2872 ex
1774 2806 2032 2871 saeculo
2073 2825 2116 2871 a
2142 2801 2580 2870 Diocletiano

370 2908 460 2973 ad
489 2909 953 2975 Theodosium
983 2909 1410 2994 superstiteS‚
1441 2910 1755 2975 recensiti
1787 2928 1831 2974 a
1862 2908 2338 2992 Christophoro
2357 2904 2581 2973 Cella-

368 3011 494 3076 rio.
583 3011 793 3077 Halae
827 3011 1156 3093 Magdeb.
1185 3031 1294 3077 an.
1327 3027 1656 3076 nocent.
1745 3009 1991 3090 Editor
2017 3009 2446 3093 potissimum
2478 3027 2583 3073 se·

368 3121 574 3186 cutus
596 3115 863 3182 videtur
884 3114 1244 3179 editionem
1275 3114 1322 3180 J
1326 3133 1431 3179 ac.
1453 3114 1567 3179 De
1595 3114 1661 3177 la
1680 3112 1936 3190 Baune,
1954 3111 2145 3177 nullo
2176 3110 2412 3176 codice
2442 3109 2585 3175 Ms.

369 3237 563 3283 nsus.
652 3217 842 3297 Quia
868 3235 1035 3283 vero
1061 3217 1214 3282 haec
1246 3216 1459 3283 editio
1489 3215 1559 3280 in
1588 3214 1953 3281 Germania
1979 3214 2406 3298 potissimum
2443 3233 2582 3281 usu

366 3321 603 3397 valet,-
632 3320 722 3386 ad
771 3340 923 3385 eam
974 3326 1044 3387 et
1093 3319 1576 3387 emendandam
1622 3324 1693 3384 et
1729 3316 2255 3385 confirmandam
2285 3318 2584 3385 maxime

367 3423 795 3508 respicimus.
2397 3419 2404 3428 ’

461 3525 904 3611 Panegyricae
959 3524 1321 3590 Orationes
1370 3523 1693 3591 Veterum
1742 3524 2125 3591 Oratorum.
2235 3521 2447 3588 Notis
2495 3540 2581 3589 ac

368 3629 446 3695 N
450 3628 920 3695 umismatibus
955 3628 1343 3706 illustravit,
1377 3632 1444 3693 et
1472 3628 1784 3693 Italicam
1813 3625 2430 3711 interpretationem
2461 3623 2580 3689 ad-

358 3731 534 3816 jecit
559 3730 968 3797 Laurentius
998 3728 1321 3809 Patarol„
1351 3728 1688 3795 Venetus.
1746 3728 1980 3794 Editio
2009 3727 2331 3805 secunda,
2355 3725 2578 3792 Vene-

368 3835 509 3912 tiis,
554 3854 664 3900 an.
718 3849 1022 3898 καλοῦ.
1046 3848 1225 3897 xix.
1257 3832 1325 3898 8.
1419 3831 1655 3918 (Prior
1683 3832 1891 3898 editio
1934 3851 2044 3896 an.
2076 3847 2155 3894 m.
2185 3845 2577 3895 o.cc.v111.

365 3937 762 4022 prodierat.)
849 3931 1090 4019 Editor
1140 3936 1564 4020 potissimum
1612 3934 2074 4000 recensionem
2126 3930 2579 4000 Cellarianam

362 4038 961 4117 mutusvidetur,
992 4043 1064 4103 et
1089 4058 1481 4123 quanquam
1515 4039 1588 4103 in
1634 4037 2047 4103 Praefatione
2079 4043 2579 4115 commemoret,

364 4163 445 4210 se
474 4143 685 4208 etiam
717 4140 1047 4226 quosdam
1079 4142 1350 4207 codices
1379 4130 2005 4218 Msssadhibuisse,
2033 4141 2103 4206 in
2144 4140 2321 4225 ipsis
2360 4146 2578 4205 tamen

365 4247 575 4325 notiS‚
623 4244 998 4309 succinctis
1050 4244 1351 4329 alioquin
1397 4250 1464 4310 et
1505 4245 1883 4325 luculentiS,
1919 4261 2254 4328 nusquam
2299 4240 2580 4326 iudicat,

366 4350 513 4431 ubi,
540 4356 614 4416 et
640 4348 827 4414 unde
860 4345 1174 4445 quaedam
1202 4347 1359 4414 loca
1386 4346 1776 4420 correxerit.
