3084 4959
880 384 1407 444 ‘mocns‘rum
1456 393 1554 442 nr
1599 391 2061 444 mammam.
2403 376 2577 442 1145

376 540 633 624 direpta
681 536 1130 617 Alexandria,
1170 536 1560 621 eversisque
1602 533 1753 622 esus
1791 537 2028 617 muris,
2055 542 2271 603 totam
2313 536 2580 623 AEgyp·

375 650 518 708 tum
577 646 828 718 vastat,
885 638 1161 705 Busirin
1208 648 1280 705 et
1326 639 1601 724 Copton
1649 641 1853 706 urbes
1895 641 2179 732 AEgyptss
2224 639 2578 725 primarias

375 742 686 809 funditus
719 741 916 820 eruit,
949 742 1331 808 Saracenos
1361 741 1660 808 Achillei
1700 745 1991 827 partium
2019 743 2324 808 fautores
2352 743 2577 829 puniri

364 848 590 934 jubet.
677 844 957 910 Interim
1008 841 1365 911 Galerium
1418 843 1763 911 exercitus
1809 863 1854 911 a
1905 844 2180 911 Narseo·
2224 843 2579 911 Persarum

377 968 535 1032 rege
578 945 879 1022 intercisi
922 943 1263 1031 reliquias·
1289 946 1376 1014 ad
1419 965 1494 1013 se
1524 947 1593 1012 in
1624 945 2229 1031 Mesopotamiam,
2258 963 2397 1033 quo
2424 948 2577 1013 sub·

380 1057 539 1117 acta
586 1050 887 1135 AEgypto
935 1048 1316 1130 diverterat,
1365 1067 1550 1132 aegre
1589 1049 2043 1128 reducentem,
2083 1069 2202 1135 per
2245 1069 2578 1116 summum

379 1158 792 1219 contemtum
839 1167 925 1216 ne
973 1152 1256 1217 intuitus
1305 1151 1601 1237 quidem,
1630 1151 1890 1237 aliquot
1919 1170 2245 1238 passuum
2284 1153 2580 1219 millibus

366 1251 563 1334 sinit,
589 1256 903 1340 quamvis
932 1264 1336 1340 purpuratus
1362 1256 1513 1339 ipse
1541 1260 1749 1334 esset,
1771 1265 1928 1320 ante
1956 1271 2154 1320 suum
2184 1259 2580 1342 carpentum

377 1359 673 1445 peditem
706 1358 988 1441 gregarii
1023 1357 1236 1421 instar
1270 1357 1505 1423 militis
1535 1374 1816 1422 currere.
1902 1354 2016 1422 Ex
2054 1355 2337 1443 Eutrop.
2427 1358 2582 1425 Ma·

376 1464 714 1529 ximianus
741 1477 902 1525 vero
929 1480 973 1526 a
1002 1459 1226 1538 Rheni
1254 1459 1599 1540 limitibus,
1628 1477 1805 1544 quos
1831 1463 1976 1526 toto
2008 1461 2385 1529 Britannici
2416 1462 2582 1529 belli

371 1574 679 1651 tempore
718 1572 945 1630 contra
973 1563 1280 1629 Francos
1319 1571 1391 1631 et
1426 1562 1804 1630 Alamanos
1850 1572 2117 1631 strenue
2153 1565 2571 1644 defenderat,

379 1670 451 1735 in
473 1667 776 1734 Africam
808 1663 1098 1732 transire
1128 1668 1405 1751 cogitat,
1426 1664 1824 1733 Africanum
1851 1666 2103 1733 bellum
2135 1687 2271 1733 non
2299 1669 2583 1754 amplius

382 1792 505 1858 per
529 1772 741 1837 duces
771 1789 957 1848 suos,
1007 1770 1132 1835 sed
1184 1789 1309 1854 per
1353 1790 1429 1836 se
1474 1768 1630 1855 ipse
1669 1778 2005 1854 gesturus.
2096 1769 2312 1853 Igitur
2340 1773 2582 1856 paucis

379 1881 536 1962 post
572 1875 921 1941 mensibus
967 1872 1626 1956 Quinquegentanas
1664 1874 1976 1939 nationes
2017 1874 2085 1939 in
2121 1874 2358 1944 Africa
2403 1893 2581 1958 gras-

380 1986 604 2045 santes
648 1975 985 2062 profligat,
1014 1982 1087 2041 et
1119 1976 1485 2042 seditionis
1514 1975 1949 2042 architectum
1984 1976 2033 2043 J
2038 1976 2339 2041 alianum
2385 1978 2585 2045 inter·

379 2082 548 2147 ficit.
638 2081 919 2147 Mauros
964 2080 1201 2153 vincit,
1259 2097 1468 2165 quare
1512 2082 1613 2147 sic
1654 2077 1846 2146 illum
1893 2077 2260 2166 compellat
2288 2078 2581 2146 Mamer·

379 2186 596 2250 tinus:
664 2188 685 2219 ‘
709 2178 820 2248 Tu
877 2181 1335 2248 ferocissimos
1382 2181 1816 2249 Mauritaniae
1869 2184 2166 2269 populos
2211 2183 2582 2250 inaccessis

380 2283 707 2352 montium
743 2285 927 2372 jugis
965 2290 1034 2351 et
1066 2286 1356 2351 naturali
1399 2286 1775 2351 munitione
1823 2285 2110 2351 fidentes
2148 2286 2582 2370 expugnasti,

381 2388 651 2474 cepisti,
700 2387 1142 2468 transtulisti,’
1170 2408 1417 2475 nempe
1452 2390 1521 2455 in
1565 2389 1917 2455 Romanas
1961 2389 2365 2473 provincias,
2410 2405 2583 2472 quas

376 2492 787 2558 excolerent.
878 2490 1140 2577 Paneg.
1173 2509 1276 2556 vl.
1305 2491 1369 2558 8.
1458 2492 1732 2558 Interea
1781 2511 1935 2558 cum
1989 2490 2308 2558 Alamani
2358 2490 2587 2557 Maxi-

379 2594 671 2659 mianum
700 2594 939 2680 procul
967 2613 1009 2659 a
1039 2594 1184 2660 suis
1211 2594 1462 2660 finibus
1493 2583 1792 2661 'viderent
1812 2591 2142 2660 Africano
2168 2595 2348 2660 bello
2379 2594 2588 2660 inten-

382 2703 545 2773 tum,
576 2696 889 2763 Rhenum
917 2698 1134 2782 glacie
1180 2705 1571 2765 concretum
1612 2695 2004 2781 transgressi
2038 2696 2107 2762 in
2138 2695 2403 2763 Gallias
2430 2697 2584 2762 hos-

383 2799 591 2864 tiliter
617 2798 890 2865 irruunt.
968 2799 1127 2881 Quo
1155 2802 1389 2868 nuntio
1419 2810 1807 2868 commotus
1839 2801 2278 2868 Constantius
2308 2802 2583 2882 obviam

382 2905 468 2970 iis
496 2904 800 2991 procedit
843 2924 1000 2971 cum
1030 2908 1354 2987 exercitu,
1384 2928 1467 2974 ac
1499 2907 1786 2992 primum
1818 2906 2074 2972 infelici
2108 2907 2298 2972 exitu
2330 2909 2586 2990 pugnat

384 3009 935 3093 vulneraturque„
969 3027 1137 3076 mox
1184 3010 1628 3094 redintegrata
1678 3030 1902 3095 pugna
1947 3010 2032 3075 ad
2078 3010 2421 3091 Lingonas
2455 3024 2584 3072 nx.

386 3103 875 3178 Alamauorum
939 3114 1151 3180 millia
1207 3113 1430 3192 caedit,
1475 3112 1966 3185 vindenissam
2015 3111 2316 3178 hostium
2367 3118 2585 3193 strage

390 3213 708 3299 complet,
735 3215 1035 3299 reliquos
1063 3218 1135 3282 in
1163 3217 1462 3283 Batavia
1487 3235 1628 3302 quo
1656 3215 1984 3303 fugerant,
2012 3220 2251 3300 captos
2281 3213 2371 3281 ad
2398 3214 2585 3279 dedi-

388 3303 637 3384 tionem
667 3318 1039 3402 compellit.
1951 3350 1964 3356 ·

471 3560 560 3622 A.
585 3555 677 3623 U.
701 3555 781 3623 G.
834 3574 969 3621 m..
1080 3553 1235 3622 Chr.
1292 3571 1634 3621 ccxcvn.
1745 3551 2045 3621 Dioclet.
2096 3550 2276 3635 Imp.
2336 3562 2501 3616 Χιν.

558 3660 773 3726 AEtat.
804 3676 1023 3724 xmx.
1113 3658 1403 3724 Maxim.
1435 3657 1612 3745 Imp.
1644 3674 1823 3723 xm.
1919 3657 2137 3723 AEtat.
2172 3667 2417 3717 xnvu.

475 3828 903 3894 Maximiano
935 3844 1009 3891 V.
1053 3825 1356 3898 consule,
1398 3824 1875 3891 Diocletianus
1920 3820 2266 3887 Galerium
2299 3833 2382 3882 ιι.
2426 3834 2588 3882 con-

389 3934 626 4008 sulem,
653 3951 692 3998 e
725 3929 1031 4006 Perside,
1061 3929 1176 3994 ubi
1207 3929 1562 4012 profligato
1596 3927 1865 3994 Narseo
1907 3925 2144 3989 amissi
2189 3941 2362 3987 anno
2392 3937 2590 4003 supe·

390 4039 564 4103 riore
600 4036 947 4102 exercitus
976 4033 1290 4117 probrum
1325 4032 1605 4112 elucrat,
1633 4036 2102 4107 revertentem,
2127 4009 2492 4092 honorifice
2522 4023 2590 4087 in

391 4139 902 4225 Mesopotamia
947 4136 1239 4219 excipit.
1320 4135 1478 4201 Hac
1509 4143 1738 4200 autem
1768 4131 2026 4199 Galerii
2076 4128 2359 4196 victoria
2397 4125 2592 4210 quin·

388 4269 514 4334 que
546 4242 918 4333 provincia-0
965 4245 1387 4323 recuperatae
1429 4245 1605 4320 sunt,
1644 4217 2043 4323 imperiique
2078 4233 2328 4300 limites
2358 4228 2445 4294 ad
2471 4227 2591 4294 Ti-
