3084 4959
550 371 729 443 1618
1358 387 1631 437 nar-nu
1684 387 1956 438 vacari

551 551 815 621 semper
843 532 1195 618 imperium
1223 540 1344 597 aut
1381 537 1572 597 tunm
1608 530 1908 598 futurum
1954 533 2065 611 sit,
2095 537 2220 599 aut
2247 538 2550 599 tuorum:
2610 553 2756 618 per*

554 637 725 705 tinet
753 645 977 702 tamen
1008 635 1097 701 ad
1125 636 1456 719 geminam
1483 635 1881 720 reipublicae
1913 636 2362 713 securitatem,
2396 637 2582 722 qued
2611 635 2757 706 fieri

553 759 693 808 non
738 745 985 824 potest,
1025 739 1233 804 etiam
1286 755 1422 804 non
1470 739 1708 805 timeri.
1792 741 1860 805 4.
1905 738 2039 804 Sed
2088 745 2447 825 utcumque
2499 742 2756 808 virtutis

554 849 691 910 tuae
719 859 933 926 opera
961 841 1250 906 curiosae
1281 842 1699 928 posteritatis
1728 842 1951 908 oculis
1980 842 2314 909 artificum
2344 861 2588 909 manus
2615 845 2756 909 red*

557 944 699 1024 det,
730 959 885 1011 cum
916 948 984 1009 te
1012 944 1124 1009 vel
1153 942 1428 1030 Alpium
1457 944 1663 1011 dorsa
1704 953 2151 1030 superantem,
2179 947 2290 1012 vel
2328 946 2607 1012 flumina
2641 949 2757 1013 ob-

548 1050 738 1136 jecta
774 1052 1168 1127 tranantem,
1196 1049 1310 1115 vel
1353 1065 1590 1131 agmen
1625 1050 1863 1115 hostile
1910 1049 2422 1134 triumphalibus
2457 1051 2763 1134 vestigiis

561 1156 975 1230 atterentem,
1006 1151 1339 1236 pictorum
1393 1157 1594 1237 atque
1641 1153 1942 1219 fictorum
1987 1159 2381 1236 assequetur
2428 1152 2763 1219 imitatio:

562 1252 936 1331 clementia,
980 1254 1382 1339 Imperator,
1429 1262 1551 1319 tua
1601 1272 1737 1338 quo
1779 1255 1975 1332 caelo,
2016 1269 2154 1337 quo
2204 1252 2592 1336 pigmento,·'
2627 1272 2765 1338 quo

562 1375 698 1423 aere
727 1373 978 1422 aurove
1007 1355 1314 1435 ducetur,
1342 1373 1481 1442 qua
1520 1363 1596 1423 tu
1640 1356 1860 1442 ipsius
1893 1357 2196 1423 victoriae
2228 1357 2475 1421 victorq
2500 1357 2597 1421 ita
2629 1375 2769 1421 om-

564 1478 719 1523 nem
764 1477 919 1523 cum
969 1460 1172 1523 armis
1218 1460 1385 1524 iram
1438 1460 1833 1545 deposuisti,
1878 1464 1950 1524 ut
1997 1458 2319 1525 ceciderit
2365 1477 2567 1523 nemo
2614 1463 2772 1543 post

564 1553 843 1640 bellum,
888 1567 1068 1627 certe
1117 1580 1316 1627 nemo
1367 1567 1521 1647 post
1575 1561 2004 1628 Maximum?
2091 1562 2160 1629 5.
2205 1559 2457 1627 Paucis
2488 1561 2768 1627 Mauro-

566 1683 710 1729 rum
735 1663 1048 1740 hostium,
1079 1681 1255 1747 quos
1286 1683 1509 1729 secum
1538 1665 1730 1730 velut
1775 1680 2011 1747 agmen
2055 1664 2376 1729 infernum
2407 1664 2771 1729 moriturus

566 1767 974 1846 incluserat:
1001 1776 1070 1833 et
1096 1767 1361 1833 duobus
1396 1776 1517 1833 aut
1547 1770 1753 1835 tribus
1779 1770 2014 1835 furiosi
2045 1768 2431 1853 gladiatoris
2461 1768 2732 1835 lanistis
2750 1772 2773 1802 ⁸

568 1870 640 1935 in
670 1871 831 1936 belli
876 1870 1213 1955 piaculum
1257 1872 1497 1950 caesis}
1524 1872 1820 1957 reliquos
1861 1891 2110 1949 omnes,
2143 1874 2344 1939 venia
2385 1871 2773 1956 complexa,

569 1974 759 2039 velut
784 1974 1082 2058 quodam
1111 1983 1414 2040 materno
1441 1976 1592 2040 sinu
1622 1976 1889 2041 clausit.
1975 1976 2043 2041 6.
2090 1973 2369 2041 Nullius
2389 1977 2575 2041 bona
2600 1973 2773 2059 pub-

570 2076 799 2181 ljcata,
830 2076 1087 2143 nullius
1128 2077 1417 2142 multata
1458 2078 1757 2157 libertas,
1790 2078 2043 2144 nullius
2087 2078 2429 2163 praeterita
2472 2076 2772 2160 dignitas

570 2180 966 2246 imminuta:
1012 2199 1208 2246 nemo
1250 2180 1531 2246 affectus
1573 2182 1785 2259 nota}
1825 2202 2022 2248 nemo
2069 2182 2402 2261 convicio,
2432 2187 2554 2247 aut
2593 2179 2773 2245 deni·

574 2300 710 2365 que
741 2281 1181 2365 castigatione
1213 2285 1629 2366 perstrictus,
1660 2283 1935 2369 culpam
1967 2287 2214 2370 capitis
2247 2286 2507 2351 aurium
2535 2282 2777 2347 saltem

576 2384 919 2450 molestia‘
944 2386 1091 2451 luit.
1180 2383 1423 2451 Cuncti
1453 2387 1766 2453 domibus
1796 2385 1963 2468 suis,
1992 2389 2220 2455 cuncti
2264 2388 2660 2474 conjugibus
2692 2401 2780 2449 ac

573 2486 829 2566 liberis,
862 2488 1088 2554 cuncti
1118 2487 1429 2572 denique,
1461 2490 1643 2574 quod
1688 2496 1788 2556 est
1827 2490 2122 2571 dulcius,
2153 2493 2552 2558 innocentiae
2584 2488 2777 2555 resti·

580 2588 706 2655 tuti
747 2590 943 2656 sunt!
1023 2592 1090 2656 7.
1133 2590 1334 2669 Vide,
1382 2591 1782 2677 Imperator,
1826 2594 1987 2679 quid
2037 2594 2166 2659 hac
2213 2595 2569 2660 clementia
2620 2613 2782 2659 con-

581 2698 850 2759 secutus
872 2694 968 2760 sis
997 2717 1013 2758 z
1061 2694 1307 2774 fecisti,
1336 2701 1409 2761 ut
1435 2716 1633 2762 nemo
1659 2697 1794 2763 sibi
1825 2697 2041 2764 victus
2071 2704 2134 2764 te
2162 2699 2421 2765 victore
2451 2697 2784 2764 videatur.

646 2879 664 2912 ὅ
701 2879 886 2929 Colore.
1271 2879 1296 2920 ἰ
1327 2879 1409 2930 Διὶ
1429 2885 1667 2945 expianda
1690 2884 1797 2934 beai
1816 2885 2011 2935 scelera.

649 2942 676 2977 Β
707 2944 909 2995 Probra.
1299 2942 1316 2976 ¹
1347 2946 1640 2998 Innocentioe
1648 2949 1836 3010 furnum
1860 2967 1917 3000 ac
1943 2952 2086 3000 dem
2104 2954 2522 3014 recuperaverunt.

1503 3075 1868 3102 &omem

584 3159 719 3211 Exe.
753 3158 1143 3209 §obothum—8
1175 3157 1309 3210 Edd.
1334 3165 1467 3210 vett.
1479 3161 1693 3225 pertinet
1713 3165 1814 3211 tum
1824 3177 1846 3221 ,⁰
1868 3163 1996 3212 Vet.
2014 3163 2241 3213 Putean.
2264 3167 2320 3212 et
2341 3163 2472 3212 Exc.
2497 3160 2791 3211 SchonhoV.

584 3227 793 3290 pertinet
808 3228 1077 3274 cmm—4
1112 3224 1209 3274 Sed
1230 3229 1479 3289 utrumque
1501 3226 1729 3288 Guelpb.
1765 3228 1996 3293 fictorum
2015 3233 2342 3292 assequeretur·
2355 3227 2477 3278 edd.
2502 3234 2632 3276 vett.
2673 3225 2794 3286 fce-

587 3296 747 3344 tmm
764 3293 1038 3354 assequetur
1060 3289 1285 3353 Guelph.
1327 3291 1559 3355 Μαι-ιω
1585 3299 1858 3356 assequetur
1879 3295 2007 3343 Exc.
2032 3294 2321 3345 Seboubov.
2346 3301 2404 3343 ut
2426 3296 2559 3354 conj.
2583 3291 2793 3342 Acidal.

587 3356 803 3421 qaocoeto
820 3361 905 3404 tna
916 3356 1038 3404 Vet.
1059 3354 1284 3406 Putean.
1318 3361 1403 3405 tua
1422 3372 1512 3420 qao
1526 3359 1644 3406 coele
1653 3358 1784 3408 Exc-
1800 3359 2091 3420 Sebonbov.
2123 3374 2212 3424 que
2227 3374 2323 3408 «ιη-ε
2339 3373 2542 3421 auroque
2558 3357 2795 3420 Guelph.

589 3424 690 3471 —6
723 3421 853 3471 Exc.
879 3420 1041 3482 Lang.
1061 3435 1195 3470 neme
1223 3426 1355 3478 now,
1372 3424 1454 3486 ξε.
1508 3422 1699 3484 Faber,
1715 3438 1847 3473 nemo
1867 3441 1897 3473 a
1918 3429 2032 3473 neta
2055 3426 2260 3474 convicio
2275 3441 2295 3482 ,·
2317 3423 2525 3473 Acidal.
2551 3437 2686 3476 nemo
2710 3421 2800 3481 ό·

577 3486 740 3546 sectus
759 3490 872 3535 uota
885 3501 904 3543 ,·
936 3486 1167 3546 Medius,
1200 3486 1377 3536 nullius
1404 3488 1653 3549 preterita
1678 3488 1911 3554 dignitas,
1933 3490 2108 3539 nullius
2138 3490 2406 3548 imminuta,
2428 3504 2562 3538 nemo
2587 3488 2800 3553 affectus

590 3557 723 3616 nota,
743 3565 896 3614 nemo,
916 3554 999 3616 ξε.
1026 3552 1126 3615 vel,
1147 3552 1324 3601 nullius
1338 3556 1574 3615 praterea
1593 3554 1807 3616 dignitas
1824 3555 2094 3621 minuta,
2112 3571 2246 3605 neme
2266 3554 2468 3619 affictus
2485 3558 2615 3610 nota,
2638 3567 2801 3611 nano.

1580 3665 1803 3719 NOTAE

658 3762 684 3797 ἱ
724 3754 952 3805 Vterer-ta
965 3756 1145 3822 victor]
1174 3756 1413 3806 sumtum
1434 3756 1563 3806 illud
1587 3769 1654 3807 ex
1795 3767 1815 3793 ⁸
1846 3758 2085 3825 Lauinia]
2106 3758 2328 3809 Laniatoe
2340 3756 2648 3807 dicebantur
2661 3768 2802 3819 pre-

593 3831 769 3883 ‘l'ullio
794 3845 889 3896 pro
905 3832 1160 3883 Marcello
1179 3845 1296 3897 cap.
1317 3843 1419 3883 κη.
1442 3835 1459 3863 ‘
1476 3833 1652 3898 Ipsam
1732 3835 1864 3887 fecti
1900 3836 2032 3888 ludis
2069 3836 2393 3901 gladiatoriis
2422 3834 2678 3898 magistri,
2708 3833 2807 3898 qui

597 3910 863 3961 victoriam
888 3909 1073 3960 vicisse
1094 3909 1310 3972 videris,
1340 3923 1457 3967 eum
1487 3923 1554 3962 ea
1572 3913 1653 3976 ip·
1735 3913 2051 3978 gladiatores
2085 3915 2433 3968 instituerent,
2461 3911 2805 3961 exercet-ena

595 4002 673 4047 aa,
696 3999 810 4052 quoe
834 3988 922 4038 illa
952 3995 1067 4038 erat
1088 3987 1299 4051 adepta,
1324 3989 1476 4038 victis
1504 3989 1656 4039 remi·
1738 4005 1838 4058 que
1859 3992 1925 4041 ad
1951 3997 2176 4042 mutuam
2198 3990 2471 4040 lanienam.

599 4065 748 4128 siati,’
768 4068 868 4115 dte.
1223 4083 1230 4092 ·
1802 4067 1822 4100 ⁶
1849 4068 2056 4119 Aurium
2108 4068 2278 4118 saltem
2328 4063 2571 4128 molestia]
2623 4065 2807 4115 Nemo

666 4149 687 4175 ²
719 4141 1008 4207 incluserat]
1046 4141 1111 4192 In
1154 4142 1280 4193 urbe
1317 4141 1658 4209 Aquileiensi,
1739 4155 1892 4210 quam
1939 4146 2146 4210 culpam
2186 4145 2359 4209 capite
2407 4143 2552 4193 luere
2596 4142 2814 4206 debuit,

603 4216 710 4268 ubi·
729 4220 968 4271 obsessus
1001 4233 1035 4270 a
1054 4219 1341 4272 'I'beodoaio
1366 4228 1660 4288 captusque
1740 4222 2000 4349 audienda
2018 4222 2204 4274 saltem
2227 4220 2587 4287 objurgatione
2606 4217 2814 4284 depen-

604 4305 703 4349 est.
1777 4299 1837 4350 it.
