<?xml version="1.0" encoding="UTF-8"?>
<!DOCTYPE html PUBLIC "-//W3C//DTD XHTML 1.0 Transitional//EN"
    "http://www.w3.org/TR/xhtml1/DTD/xhtml1-transitional.dtd">
<html xmlns="http://www.w3.org/1999/xhtml" xml:lang="en" lang="en">
 <head>
  <title>
</title>
<meta http-equiv="Content-Type" content="text/html;charset=utf-8" />
  <meta name='ocr-system' content='tesseract 3.04.00' />
  <meta name='ocr-capabilities' content='ocr_page ocr_carea ocr_par ocr_line ocrx_word'/>
</head>
<body>
  <div class='ocr_page' id='page_1' title='image "./panegyriciveter05baungoog_0254.png"; bbox 0 0 3084 4959; ppageno 0'>
   <div class='ocr_carea' id='block_1_1' title="bbox 474 359 2048 444">
    <p class='ocr_par' dir='ltr' id='par_1_1' title="bbox 474 359 2048 444">
     <span class='ocr_line' id='line_1_1' title="bbox 474 359 2048 444; baseline -0.002 -18"><span class='ocrx_word' id='word_1_1' title='bbox 474 359 650 444; x_wconf 72' lang='lat'><strong>1326</strong></span> <span class='ocrx_word' id='word_1_2' title='bbox 1129 374 1444 423; x_wconf 64' lang='lat' dir='ltr'><strong>menni-1</strong></span> <span class='ocrx_word' id='word_1_3' title='bbox 1499 373 2048 424; x_wconf 63' lang='lat' dir='ltr'><strong>muneramus</strong></span> 
     </span>
    </p>
   </div>
   <div class='ocr_carea' id='block_1_2' title="bbox 463 519 2687 2753">
    <p class='ocr_par' dir='ltr' id='par_1_2' title="bbox 463 519 2687 2753">
     <span class='ocr_line' id='line_1_2' title="bbox 477 519 2687 607; baseline 0 -20"><span class='ocrx_word' id='word_1_4' title='bbox 477 520 764 605; x_wconf 83' lang='lat' dir='ltr'><strong>imperii,</strong></span> <span class='ocrx_word' id='word_1_5' title='bbox 820 520 1095 586; x_wconf 70' lang='lat' dir='ltr'><strong>laetatus</strong></span> <span class='ocrx_word' id='word_1_6' title='bbox 1144 528 1250 586; x_wconf 86' lang='lat' dir='ltr'><strong>est</strong></span> <span class='ocrx_word' id='word_1_7' title='bbox 1295 520 1479 607; x_wconf 87' lang='lat' dir='ltr'><strong>quod</strong></span> <span class='ocrx_word' id='word_1_8' title='bbox 1546 519 1800 604; x_wconf 79' lang='lat' dir='ltr'><strong>petisti.</strong></span> <span class='ocrx_word' id='word_1_9' title='bbox 1888 520 1954 586; x_wconf 81' lang='lat'><strong>3.</strong></span> <span class='ocrx_word' id='word_1_10' title='bbox 2001 519 2062 585; x_wconf 88' lang='grc'>0</span> <span class='ocrx_word' id='word_1_11' title='bbox 2112 519 2412 586; x_wconf 81' lang='lat' dir='ltr'><strong>divinum</strong></span> <span class='ocrx_word' id='word_1_12' title='bbox 2473 529 2687 602; x_wconf 75' lang='lat' dir='ltr'><strong>tuum,</strong></span> 
     </span>
     <span class='ocr_line' id='line_1_3' title="bbox 477 615 2685 708; baseline -0 -18"><span class='ocrx_word' id='word_1_13' title='bbox 477 624 918 698; x_wconf 76' lang='lat' dir='ltr'><strong>Maximiano,</strong></span> <span class='ocrx_word' id='word_1_14' title='bbox 958 622 1316 706; x_wconf 84' lang='lat' dir='ltr'><strong>judicium,</strong></span> <span class='ocrx_word' id='word_1_15' title='bbox 1345 625 1458 707; x_wconf 89' lang='lat' dir='ltr'><strong>qui</strong></span> <span class='ocrx_word' id='word_1_16' title='bbox 1490 623 1669 687; x_wconf 87' lang='lat' dir='ltr'><strong>hunc</strong></span> <span class='ocrx_word' id='word_1_17' title='bbox 1702 623 1826 687; x_wconf 91' lang='lat' dir='ltr'><strong>tibi</strong></span> <span class='ocrx_word' id='word_1_18' title='bbox 1861 615 2018 706; x_wconf 73' lang='lat' dir='ltr'><strong>jure</strong></span> <span class='ocrx_word' id='word_1_19' title='bbox 2059 622 2441 706; x_wconf 86' lang='lat' dir='ltr'><strong>adoptionis</strong></span> <span class='ocrx_word' id='word_1_20' title='bbox 2479 645 2685 708; x_wconf 85' lang='lat' dir='ltr'><strong>nepo-</strong></span> 
     </span>
     <span class='ocr_line' id='line_1_4' title="bbox 474 724 2683 809; baseline 0 -15"><span class='ocrx_word' id='word_1_21' title='bbox 474 735 635 800; x_wconf 85' lang='lat' dir='ltr'><strong>tem,</strong></span> <span class='ocrx_word' id='word_1_22' title='bbox 664 726 1040 809; x_wconf 81' lang='lat' dir='ltr'><strong>majestatis</strong></span> <span class='ocrx_word' id='word_1_23' title='bbox 1074 725 1308 789; x_wconf 86' lang='lat' dir='ltr'><strong>ordine</strong></span> <span class='ocrx_word' id='word_1_24' title='bbox 1339 724 1573 798; x_wconf 84' lang='lat' dir='ltr'><strong>filium,</strong></span> <span class='ocrx_word' id='word_1_25' title='bbox 1607 725 1808 789; x_wconf 87' lang='lat' dir='ltr'><strong>etiam</strong></span> <span class='ocrx_word' id='word_1_26' title='bbox 1841 745 2149 807; x_wconf 78' lang='lat' dir='ltr'>generum</span> <span class='ocrx_word' id='word_1_27' title='bbox 2182 747 2334 791; x_wconf 75' lang='lat' dir='ltr'><strong>esse</strong></span> <span class='ocrx_word' id='word_1_28' title='bbox 2366 728 2683 795; x_wconf 85' lang='lat' dir='ltr'><strong>voluisti!</strong></span> 
     </span>
     <span class='ocr_line' id='line_1_5' title="bbox 478 826 2686 912; baseline 0 -17"><span class='ocrx_word' id='word_1_29' title='bbox 478 827 666 908; x_wconf 90' lang='lat' dir='ltr'><strong>Divi,</strong></span> <span class='ocrx_word' id='word_1_30' title='bbox 701 830 1002 912; x_wconf 88' lang='lat' dir='ltr'><strong>inquam,</strong></span> <span class='ocrx_word' id='word_1_31' title='bbox 1035 826 1412 892; x_wconf 89' lang='lat' dir='ltr'><strong>Constantii</strong></span> <span class='ocrx_word' id='word_1_32' title='bbox 1464 828 1703 903; x_wconf 89' lang='lat' dir='ltr'><strong>filium,</strong></span> <span class='ocrx_word' id='word_1_33' title='bbox 1749 829 1817 891; x_wconf 93' lang='lat' dir='ltr'><strong>in</strong></span> <span class='ocrx_word' id='word_1_34' title='bbox 1867 848 2060 911; x_wconf 88' lang='lat' dir='ltr'><strong>quem</strong></span> <span class='ocrx_word' id='word_1_35' title='bbox 2111 848 2185 892; x_wconf 90' lang='lat' dir='ltr'><strong>se</strong></span> <span class='ocrx_word' id='word_1_36' title='bbox 2232 829 2452 912; x_wconf 84' lang='lat' dir='ltr'><strong>prima</strong></span> <span class='ocrx_word' id='word_1_37' title='bbox 2502 830 2686 906; x_wconf 85' lang='lat' dir='ltr'><strong>illius</strong></span> 
     </span>
     <span class='ocr_line' id='line_1_6' title="bbox 463 929 2681 1017; baseline 0 -21"><span class='ocrx_word' id='word_1_38' title='bbox 463 933 750 1017; x_wconf 82' lang='lat' dir='ltr'><strong>juventa</strong></span> <span class='ocrx_word' id='word_1_39' title='bbox 778 929 1161 1008; x_wconf 78' lang='lat' dir='ltr'><strong>transfudit,</strong></span> <span class='ocrx_word' id='word_1_40' title='bbox 1189 931 1254 994; x_wconf 89' lang='lat' dir='ltr'><strong>in</strong></span> <span class='ocrx_word' id='word_1_41' title='bbox 1285 929 1482 1013; x_wconf 83' lang='lat' dir='ltr'><strong>cujus</strong></span> <span class='ocrx_word' id='word_1_42' title='bbox 1512 949 1631 994; x_wconf 81' lang='lat' dir='ltr'><strong>ore</strong></span> <span class='ocrx_word' id='word_1_43' title='bbox 1664 930 1978 995; x_wconf 76' lang='lat' dir='ltr'><strong>coelestes</strong></span> <span class='ocrx_word' id='word_1_44' title='bbox 2019 931 2200 994; x_wconf 79' lang='lat' dir='ltr'><strong>illins</strong></span> <span class='ocrx_word' id='word_1_45' title='bbox 2233 932 2459 995; x_wconf 85' lang='lat' dir='ltr'><strong>vultus</strong></span> <span class='ocrx_word' id='word_1_46' title='bbox 2490 939 2681 997; x_wconf 83' lang='lat' dir='ltr'><strong>natu-</strong></span> 
     </span>
     <span class='ocr_line' id='line_1_7' title="bbox 475 1032 2686 1116; baseline -0.001 -16"><span class='ocrx_word' id='word_1_47' title='bbox 475 1056 553 1100; x_wconf 81' lang='lat' dir='ltr'><strong>ra</strong></span> <span class='ocrx_word' id='word_1_48' title='bbox 581 1034 914 1116; x_wconf 63' lang='lat' dir='ltr'><strong>signavit?</strong></span> <span class='ocrx_word' id='word_1_49' title='bbox 941 1033 1061 1116; x_wconf 80' lang='lat' dir='ltr'><strong>qui</strong></span> <span class='ocrx_word' id='word_1_50' title='bbox 1091 1037 1445 1115; x_wconf 80' lang='lat' dir='ltr'><strong>aspectum</strong></span> <span class='ocrx_word' id='word_1_51' title='bbox 1477 1033 1681 1110; x_wconf 74' lang='lat' dir='ltr'><strong>illiue,</strong></span> <span class='ocrx_word' id='word_1_52' title='bbox 1706 1032 1790 1097; x_wconf 93' lang='lat' dir='ltr'><strong>ad</strong></span> <span class='ocrx_word' id='word_1_53' title='bbox 1824 1032 2124 1106; x_wconf 82' lang='lat' dir='ltr'><strong>Deorum</strong></span> <span class='ocrx_word' id='word_1_54' title='bbox 2147 1033 2440 1097; x_wconf 80' lang='lat' dir='ltr'><strong>concilia</strong></span> <span class='ocrx_word' id='word_1_55' title='bbox 2467 1041 2686 1100; x_wconf 75' lang='lat' dir='ltr'><strong>trans-</strong></span> 
     </span>
     <span class='ocr_line' id='line_1_8' title="bbox 473 1134 2686 1219; baseline -0.001 -17"><span class='ocrx_word' id='word_1_56' title='bbox 473 1138 624 1215; x_wconf 85' lang='lat' dir='ltr'><strong>lati,</strong></span> <span class='ocrx_word' id='word_1_57' title='bbox 667 1136 892 1201; x_wconf 86' lang='lat' dir='ltr'><strong>adhuc</strong></span> <span class='ocrx_word' id='word_1_58' title='bbox 937 1134 1477 1200; x_wconf 78' lang='lat' dir='ltr'><strong>desiderantibus</strong></span> <span class='ocrx_word' id='word_1_59' title='bbox 1523 1135 1723 1200; x_wconf 87' lang='lat' dir='ltr'><strong>nobis</strong></span> <span class='ocrx_word' id='word_1_60' title='bbox 1768 1135 2013 1200; x_wconf 89' lang='lat' dir='ltr'><strong>sufficit</strong></span> <span class='ocrx_word' id='word_1_61' title='bbox 2063 1155 2187 1219; x_wconf 84' lang='lat' dir='ltr'><strong>pro</strong></span> <span class='ocrx_word' id='word_1_62' title='bbox 2238 1137 2528 1200; x_wconf 75' lang='lat' dir='ltr'><strong>duobus.</strong></span> <span class='ocrx_word' id='word_1_63' title='bbox 2616 1137 2686 1201; x_wconf 85' lang='lat'><strong>4.</strong></span> 
     </span>
     <span class='ocr_line' id='line_1_9' title="bbox 477 1237 2685 1323; baseline 0 -18"><span class='ocrx_word' id='word_1_64' title='bbox 477 1237 727 1323; x_wconf 82' lang='lat' dir='ltr'><strong>Neque</strong></span> <span class='ocrx_word' id='word_1_65' title='bbox 772 1239 947 1302; x_wconf 90' lang='lat' dir='ltr'><strong>enim</strong></span> <span class='ocrx_word' id='word_1_66' title='bbox 1003 1238 1225 1302; x_wconf 85' lang='lat' dir='ltr'><strong>forma</strong></span> <span class='ocrx_word' id='word_1_67' title='bbox 1267 1245 1521 1303; x_wconf 89' lang='lat' dir='ltr'><strong>tantum</strong></span> <span class='ocrx_word' id='word_1_68' title='bbox 1571 1241 1638 1303; x_wconf 90' lang='lat' dir='ltr'><strong>in</strong></span> <span class='ocrx_word' id='word_1_69' title='bbox 1686 1246 1750 1304; x_wconf 92' lang='lat' dir='ltr'><strong>te</strong></span> <span class='ocrx_word' id='word_1_70' title='bbox 1794 1240 2026 1322; x_wconf 78' lang='lat' dir='ltr'><strong>patriS,</strong></span> <span class='ocrx_word' id='word_1_71' title='bbox 2059 1238 2525 1316; x_wconf 75' lang='lat' dir='ltr'><strong>Constantine,</strong></span> <span class='ocrx_word' id='word_1_72' title='bbox 2558 1241 2685 1305; x_wconf 84' lang='lat' dir='ltr'><strong>sed</strong></span> 
     </span>
     <span class='ocr_line' id='line_1_10' title="bbox 474 1340 2686 1425; baseline 0 -19"><span class='ocrx_word' id='word_1_73' title='bbox 474 1342 680 1406; x_wconf 84' lang='lat' dir='ltr'><strong>etiam</strong></span> <span class='ocrx_word' id='word_1_74' title='bbox 721 1340 1163 1418; x_wconf 81' lang='lat' dir='ltr'><strong>continentia,</strong></span> <span class='ocrx_word' id='word_1_75' title='bbox 1205 1340 1556 1419; x_wconf 82' lang='lat' dir='ltr'><strong>fortitudo,</strong></span> <span class='ocrx_word' id='word_1_76' title='bbox 1594 1340 1887 1425; x_wconf 85' lang='lat' dir='ltr'><strong>justitia,</strong></span> <span class='ocrx_word' id='word_1_77' title='bbox 1918 1340 2272 1425; x_wconf 85' lang='lat' dir='ltr'><strong>prudentia</strong></span> <span class='ocrx_word' id='word_1_78' title='bbox 2324 1361 2475 1407; x_wconf 86' lang='lat' dir='ltr'><strong>sese</strong></span> <span class='ocrx_word' id='word_1_79' title='bbox 2509 1343 2686 1407; x_wconf 86' lang='lat' dir='ltr'><strong>votis</strong></span> 
     </span>
     <span class='ocr_line' id='line_1_11' title="bbox 474 1445 2622 1527; baseline -0.003 -20"><span class='ocrx_word' id='word_1_80' title='bbox 474 1445 769 1527; x_wconf 77' lang='lat' dir='ltr'><strong>gentium</strong></span> <span class='ocrx_word' id='word_1_81' title='bbox 802 1448 1233 1526; x_wconf 66' lang='lat' dir='ltr'><strong>praesentant.</strong></span> <span class='ocrx_word' id='word_1_82' title='bbox 2616 1455 2622 1461; x_wconf 84' lang='lat'><strong>·</strong></span> 
     </span>
     <span class='ocr_line' id='line_1_12' title="bbox 560 1542 2684 1630; baseline 0 -21"><span class='ocrx_word' id='word_1_83' title='bbox 560 1542 738 1609; x_wconf 75' lang='lat' dir='ltr'><strong>GAP.</strong></span> <span class='ocrx_word' id='word_1_84' title='bbox 786 1562 882 1610; x_wconf 86' lang='lat' dir='ltr'><strong>1v.</strong></span> <span class='ocrx_word' id='word_1_85' title='bbox 978 1545 1040 1610; x_wconf 87' lang='lat'><strong>1.</strong></span> <span class='ocrx_word' id='word_1_86' title='bbox 1111 1545 1270 1625; x_wconf 82' lang='lat' dir='ltr'><strong>Quo</strong></span> <span class='ocrx_word' id='word_1_87' title='bbox 1348 1547 1519 1610; x_wconf 85' lang='lat' dir='ltr'><strong>enim</strong></span> <span class='ocrx_word' id='word_1_88' title='bbox 1600 1544 1816 1627; x_wconf 82' lang='lat' dir='ltr'><strong>magis</strong></span> <span class='ocrx_word' id='word_1_89' title='bbox 1902 1545 2397 1611; x_wconf 78' lang='lat' dir='ltr'>continentiam</span> <span class='ocrx_word' id='word_1_90' title='bbox 2475 1548 2684 1630; x_wconf 83' lang='lat' dir='ltr'><strong>patris</strong></span> 
     </span>
     <span class='ocr_line' id='line_1_13' title="bbox 474 1647 2685 1733; baseline 0 -21"><span class='ocrx_word' id='word_1_91' title='bbox 474 1665 747 1732; x_wconf 76' lang='lat' dir='ltr'><strong>aequare</strong></span> <span class='ocrx_word' id='word_1_92' title='bbox 782 1647 1087 1729; x_wconf 83' lang='lat' dir='ltr'><strong>potuisti,</strong></span> <span class='ocrx_word' id='word_1_93' title='bbox 1121 1666 1321 1731; x_wconf 87' lang='lat' dir='ltr'><strong>quam</strong></span> <span class='ocrx_word' id='word_1_94' title='bbox 1354 1648 1538 1731; x_wconf 88' lang='lat' dir='ltr'><strong>quod</strong></span> <span class='ocrx_word' id='word_1_95' title='bbox 1581 1656 1655 1730; x_wconf 11' lang='lat' dir='ltr'><strong>‘te</strong></span> <span class='ocrx_word' id='word_1_96' title='bbox 1703 1649 1791 1713; x_wconf 87' lang='lat' dir='ltr'><strong>ab</strong></span> <span class='ocrx_word' id='word_1_97' title='bbox 1819 1648 1971 1731; x_wconf 88' lang='lat' dir='ltr'><strong>ipso</strong></span> <span class='ocrx_word' id='word_1_98' title='bbox 2003 1649 2134 1713; x_wconf 86' lang='lat' dir='ltr'><strong>fine</strong></span> <span class='ocrx_word' id='word_1_99' title='bbox 2166 1649 2472 1733; x_wconf 83' lang='lat' dir='ltr'><strong>pueritiae</strong></span> <span class='ocrx_word' id='word_1_100' title='bbox 2502 1649 2685 1713; x_wconf 85' lang='lat' dir='ltr'><strong>illico</strong></span> 
     </span>
     <span class='ocr_line' id='line_1_14' title="bbox 471 1750 2685 1834; baseline 0 -18"><span class='ocrx_word' id='word_1_101' title='bbox 471 1750 879 1816; x_wconf 69' lang='lat' dir='ltr'><strong>matrimonii</strong></span> <span class='ocrx_word' id='word_1_102' title='bbox 928 1750 1195 1832; x_wconf 90' lang='lat' dir='ltr'><strong>legibus</strong></span> <span class='ocrx_word' id='word_1_103' title='bbox 1247 1750 1629 1816; x_wconf 69' lang='lat' dir='ltr'><strong>tradidisti?</strong></span> <span class='ocrx_word' id='word_1_104' title='bbox 1675 1757 1755 1815; x_wconf 91' lang='lat' dir='ltr'><strong>ut</strong></span> <span class='ocrx_word' id='word_1_105' title='bbox 1801 1753 2021 1834; x_wconf 86' lang='lat' dir='ltr'><strong>primo</strong></span> <span class='ocrx_word' id='word_1_106' title='bbox 2064 1751 2373 1834; x_wconf 84' lang='lat' dir='ltr'><strong>ingressu</strong></span> <span class='ocrx_word' id='word_1_107' title='bbox 2419 1752 2685 1816; x_wconf 81' lang='lat' dir='ltr'><strong>adoles-</strong></span> 
     </span>
     <span class='ocr_line' id='line_1_15' title="bbox 471 1851 2683 1936; baseline 0.001 -21"><span class='ocrx_word' id='word_1_108' title='bbox 471 1852 752 1917; x_wconf 77' lang='lat' dir='ltr'><strong>centiae‘</strong></span> <span class='ocrx_word' id='word_1_109' title='bbox 794 1851 1116 1916; x_wconf 85' lang='lat' dir='ltr'><strong>formares</strong></span> <span class='ocrx_word' id='word_1_110' title='bbox 1165 1853 1462 1916; x_wconf 89' lang='lat' dir='ltr'><strong>animum</strong></span> <span class='ocrx_word' id='word_1_111' title='bbox 1509 1852 1909 1931; x_wconf 84' lang='lat' dir='ltr'><strong>maritalem,</strong></span> <span class='ocrx_word' id='word_1_112' title='bbox 1936 1853 2103 1916; x_wconf 90' lang='lat' dir='ltr'><strong>nihil</strong></span> <span class='ocrx_word' id='word_1_113' title='bbox 2139 1852 2223 1915; x_wconf 91' lang='lat' dir='ltr'><strong>de</strong></span> <span class='ocrx_word' id='word_1_114' title='bbox 2253 1854 2444 1936; x_wconf 86' lang='lat' dir='ltr'><strong>vagis</strong></span> <span class='ocrx_word' id='word_1_115' title='bbox 2491 1854 2683 1936; x_wconf 89' lang='lat' dir='ltr'><strong>cupi-</strong></span> 
     </span>
     <span class='ocr_line' id='line_1_16' title="bbox 474 1952 2683 2037; baseline 0.001 -21"><span class='ocrx_word' id='word_1_116' title='bbox 474 1952 824 2031; x_wconf 65' lang='lat' dir='ltr'><strong>dumibus,</strong></span> <span class='ocrx_word' id='word_1_117' title='bbox 883 1953 1049 2017; x_wconf 89' lang='lat' dir='ltr'><strong>nihil</strong></span> <span class='ocrx_word' id='word_1_118' title='bbox 1100 1954 1185 2017; x_wconf 91' lang='lat' dir='ltr'><strong>de</strong></span> <span class='ocrx_word' id='word_1_119' title='bbox 1243 1954 1596 2018; x_wconf 84' lang='lat' dir='ltr'><strong>concessis</strong></span> <span class='ocrx_word' id='word_1_120' title='bbox 1651 1955 1842 2018; x_wconf 85' lang='lat' dir='ltr'><strong>aetati</strong></span> <span class='ocrx_word' id='word_1_121' title='bbox 1894 1954 2363 2037; x_wconf 84' lang='lat' dir='ltr'><strong>voluptatibus</strong></span> <span class='ocrx_word' id='word_1_122' title='bbox 2423 1954 2490 2017; x_wconf 91' lang='lat' dir='ltr'><strong>in</strong></span> <span class='ocrx_word' id='word_1_123' title='bbox 2549 1953 2683 2019; x_wconf 89' lang='lat' dir='ltr'><strong>hoc</strong></span> 
     </span>
     <span class='ocr_line' id='line_1_17' title="bbox 472 2054 2683 2140; baseline -0 -20"><span class='ocrx_word' id='word_1_124' title='bbox 472 2072 736 2120; x_wconf 87' lang='lat' dir='ltr'><strong>sacrum</strong></span> <span class='ocrx_word' id='word_1_125' title='bbox 791 2063 1036 2138; x_wconf 88' lang='lat' dir='ltr'><strong>pectus</strong></span> <span class='ocrx_word' id='word_1_126' title='bbox 1085 2054 1516 2134; x_wconf 80' lang='lat' dir='ltr'><strong>admitteres3</strong></span> <span class='ocrx_word' id='word_1_127' title='bbox 1578 2075 1825 2120; x_wconf 87' lang='lat' dir='ltr'><strong>novum</strong></span> <span class='ocrx_word' id='word_1_128' title='bbox 1874 2055 2021 2140; x_wconf 86' lang='lat' dir='ltr'><strong>jam</strong></span> <span class='ocrx_word' id='word_1_129' title='bbox 2072 2061 2210 2120; x_wconf 91' lang='lat' dir='ltr'><strong>tum</strong></span> <span class='ocrx_word' id='word_1_130' title='bbox 2265 2055 2683 2134; x_wconf 84' lang='lat' dir='ltr'><strong>miraculum,</strong></span> 
     </span>
     <span class='ocr_line' id='line_1_18' title="bbox 464 2155 2684 2240; baseline 0.002 -22"><span class='ocrx_word' id='word_1_131' title='bbox 464 2155 738 2238; x_wconf 83' lang='lat' dir='ltr'><strong>juvenis</strong></span> <span class='ocrx_word' id='word_1_132' title='bbox 773 2157 1105 2222; x_wconf 72' lang='lat' dir='ltr'><strong>uxoi‘lus&#39;l</strong></span> <span class='ocrx_word' id='word_1_133' title='bbox 1196 2156 1360 2235; x_wconf 86' lang='lat' dir='ltr'><strong>Sed,</strong></span> <span class='ocrx_word' id='word_1_134' title='bbox 1394 2165 1468 2223; x_wconf 89' lang='lat' dir='ltr'><strong>ut</strong></span> <span class='ocrx_word' id='word_1_135' title='bbox 1492 2177 1599 2223; x_wconf 87' lang='lat' dir='ltr'><strong>res</strong></span> <span class='ocrx_word' id='word_1_136' title='bbox 1628 2164 1755 2237; x_wconf 89' lang='lat' dir='ltr'><strong>est,</strong></span> <span class='ocrx_word' id='word_1_137' title='bbox 1784 2166 2002 2223; x_wconf 87' lang='lat' dir='ltr'><strong>mente</strong></span> <span class='ocrx_word' id='word_1_138' title='bbox 2032 2176 2344 2240; x_wconf 71' lang='lat' dir='ltr'><strong>praesaga</strong></span> <span class='ocrx_word' id='word_1_139' title='bbox 2372 2158 2684 2222; x_wconf 82' lang='lat' dir='ltr'><strong>omnibus</strong></span> 
     </span>
     <span class='ocr_line' id='line_1_19' title="bbox 471 2254 2685 2342; baseline 0.001 -20"><span class='ocrx_word' id='word_1_140' title='bbox 471 2263 536 2322; x_wconf 88' lang='lat' dir='ltr'><strong>te</strong></span> <span class='ocrx_word' id='word_1_141' title='bbox 595 2259 1021 2325; x_wconf 68' lang='lat' dir='ltr'><strong>verecundiae</strong></span> <span class='ocrx_word' id='word_1_142' title='bbox 1079 2254 1664 2325; x_wconf 83' lang='lat' dir='ltr'><strong>observationibus</strong></span> <span class='ocrx_word' id='word_1_143' title='bbox 1736 2260 2117 2336; x_wconf 77' lang='lat' dir='ltr'><strong>imbuebaS,</strong></span> <span class='ocrx_word' id='word_1_144' title='bbox 2179 2258 2382 2324; x_wconf 88' lang='lat' dir='ltr'><strong>talem</strong></span> <span class='ocrx_word' id='word_1_145' title='bbox 2444 2268 2685 2342; x_wconf 86' lang='lat' dir='ltr'><strong>postea</strong></span> 
     </span>
     <span class='ocr_line' id='line_1_20' title="bbox 474 2360 2683 2445; baseline 0.001 -22"><span class='ocrx_word' id='word_1_146' title='bbox 474 2360 800 2424; x_wconf 87' lang='lat' dir='ltr'><strong>ducturus</strong></span> <span class='ocrx_word' id='word_1_147' title='bbox 830 2380 1131 2425; x_wconf 83' lang='lat' dir='ltr'><strong>uxorem.</strong></span> <span class='ocrx_word' id='word_1_148' title='bbox 1220 2362 1286 2426; x_wconf 79' lang='lat'><strong>2.</strong></span> <span class='ocrx_word' id='word_1_149' title='bbox 1340 2361 1824 2426; x_wconf 86' lang='lat' dir='ltr'><strong>Fortitudinem</strong></span> <span class='ocrx_word' id='word_1_150' title='bbox 1859 2368 2083 2425; x_wconf 80' lang='lat' dir='ltr'><strong>autem</strong></span> <span class='ocrx_word' id='word_1_151' title='bbox 2125 2361 2310 2425; x_wconf 89' lang='lat' dir='ltr'><strong>illius</strong></span> <span class='ocrx_word' id='word_1_152' title='bbox 2348 2360 2491 2445; x_wconf 77' lang='lat' dir='ltr'><strong>Jam</strong></span> <span class='ocrx_word' id='word_1_153' title='bbox 2536 2369 2683 2425; x_wconf 90' lang='lat' dir='ltr'><strong>tum</strong></span> 
     </span>
     <span class='ocr_line' id='line_1_21' title="bbox 471 2455 2686 2546; baseline 0.002 -20"><span class='ocrx_word' id='word_1_154' title='bbox 471 2463 540 2526; x_wconf 90' lang='lat' dir='ltr'><strong>in</strong></span> <span class='ocrx_word' id='word_1_155' title='bbox 569 2463 918 2546; x_wconf 87' lang='lat' dir='ltr'><strong>principiis</strong></span> <span class='ocrx_word' id='word_1_156' title='bbox 949 2472 1353 2528; x_wconf 90' lang='lat' dir='ltr'><strong>consecutus</strong></span> <span class='ocrx_word' id='word_1_157' title='bbox 1385 2485 1484 2529; x_wconf 73' lang='lat' dir='ltr'><strong>es,</strong></span> <span class='ocrx_word' id='word_1_158' title='bbox 1579 2463 1803 2529; x_wconf 90' lang='lat' dir='ltr'><strong>Multa</strong></span> <span class='ocrx_word' id='word_1_159' title='bbox 1834 2464 1948 2528; x_wconf 90' lang='lat' dir='ltr'><strong>ille</strong></span> <span class='ocrx_word' id='word_1_160' title='bbox 1981 2464 2386 2528; x_wconf 84' lang='lat' dir='ltr'><strong>Francorum</strong></span> <span class='ocrx_word' id='word_1_161' title='bbox 2417 2455 2686 2543; x_wconf 72' lang='lat' dir='ltr'><strong>millia,‘¹</strong></span> 
     </span>
     <span class='ocr_line' id='line_1_22' title="bbox 474 2564 2681 2649; baseline 0.002 -23"><span class='ocrx_word' id='word_1_162' title='bbox 474 2565 592 2647; x_wconf 89' lang='lat' dir='ltr'><strong>qui</strong></span> <span class='ocrx_word' id='word_1_163' title='bbox 641 2564 1023 2641; x_wconf 87' lang='lat' dir='ltr'><strong>Bataviam,</strong></span> <span class='ocrx_word' id='word_1_164' title='bbox 1055 2565 1358 2649; x_wconf 88' lang='lat' dir='ltr'><strong>aliasque</strong></span> <span class='ocrx_word' id='word_1_165' title='bbox 1399 2567 1499 2630; x_wconf 91' lang='lat' dir='ltr'><strong>cis</strong></span> <span class='ocrx_word' id='word_1_166' title='bbox 1549 2565 1863 2630; x_wconf 86' lang='lat' dir='ltr'><strong>Rhenum</strong></span> <span class='ocrx_word' id='word_1_167' title='bbox 1906 2574 2121 2630; x_wconf 87' lang='lat' dir='ltr'><strong>terras</strong></span> <span class='ocrx_word' id='word_1_168' title='bbox 2151 2567 2552 2645; x_wconf 87' lang='lat' dir='ltr'><strong>invaserant,</strong></span> <span class='ocrx_word' id='word_1_169' title='bbox 2584 2568 2681 2630; x_wconf 89' lang='lat' dir='ltr'><strong>in-</strong></span> 
     </span>
     <span class='ocr_line' id='line_1_23' title="bbox 473 2666 2683 2753; baseline 0.001 -21"><span class='ocrx_word' id='word_1_170' title='bbox 473 2666 749 2747; x_wconf 83' lang='lat' dir='ltr'><strong>terfecit,</strong></span> <span class='ocrx_word' id='word_1_171' title='bbox 781 2668 1064 2752; x_wconf 87' lang='lat' dir='ltr'><strong>depulit,</strong></span> <span class='ocrx_word' id='word_1_172' title='bbox 1112 2672 1318 2752; x_wconf 86' lang='lat' dir='ltr'><strong>cepit,</strong></span> <span class='ocrx_word' id='word_1_173' title='bbox 1353 2669 1673 2733; x_wconf 84' lang='lat' dir='ltr'><strong>abduxit!</strong></span> <span class='ocrx_word' id='word_1_174' title='bbox 1763 2669 1871 2734; x_wconf 84' lang='lat' dir='ltr'><strong>Tu</strong></span> <span class='ocrx_word' id='word_1_175' title='bbox 1913 2667 2057 2753; x_wconf 86' lang='lat' dir='ltr'><strong>jam</strong></span> <span class='ocrx_word' id='word_1_176' title='bbox 2106 2671 2193 2734; x_wconf 88' lang='lat' dir='ltr'><strong>ab</strong></span> <span class='ocrx_word' id='word_1_177' title='bbox 2235 2669 2408 2753; x_wconf 88' lang='lat' dir='ltr'><strong>ipsis</strong></span> <span class='ocrx_word' id='word_1_178' title='bbox 2453 2689 2683 2735; x_wconf 89' lang='lat' dir='ltr'><strong>eorum</strong></span> 
     </span>
    </p>
   </div>
   <div class='ocr_carea' id='block_1_3' title="bbox 1382 2845 1740 2868">
    <p class='ocr_par' dir='ltr' id='par_1_3' title="bbox 1382 2845 1740 2868">
     <span class='ocr_line' id='line_1_24' title="bbox 1382 2845 1740 2868; baseline 0 -1"><span class='ocrx_word' id='word_1_179' title='bbox 1382 2845 1740 2868; x_wconf 52' lang='lat' dir='ltr'><strong>aeaeaeaeaeaeaeaeaeaeae</strong></span> 
     </span>
    </p>
   </div>
   <div class='ocr_carea' id='block_1_4' title="bbox 471 2962 2684 3233">
    <p class='ocr_par' dir='ltr' id='par_1_4' title="bbox 471 2962 2684 3090">
     <span class='ocr_line' id='line_1_25' title="bbox 471 2962 2684 3028; baseline 0.001 -15"><span class='ocrx_word' id='word_1_180' title='bbox 471 2966 667 3013; x_wconf 75' lang='lat' dir='ltr'><strong>loetatm</strong></span> <span class='ocrx_word' id='word_1_181' title='bbox 684 2967 777 3024; x_wconf 78' lang='lat' dir='ltr'><strong>est,</strong></span> <span class='ocrx_word' id='word_1_182' title='bbox 800 2962 1113 3027; x_wconf 73' lang='lat' dir='ltr'><strong>Bongarsius</strong></span> <span class='ocrx_word' id='word_1_183' title='bbox 1138 2964 1515 3028; x_wconf 78' lang='lat' dir='ltr'><strong>suspicabatur,</strong></span> <span class='ocrx_word' id='word_1_184' title='bbox 1537 2966 1744 3027; x_wconf 70' lang='lat' dir='ltr'><strong>largitus</strong></span> <span class='ocrx_word' id='word_1_185' title='bbox 1764 2969 1949 3016; x_wconf 58' lang='lat' dir='ltr'><strong>esa—3</strong></span> <span class='ocrx_word' id='word_1_186' title='bbox 1986 2965 2214 3028; x_wconf 86' lang='lat' dir='ltr'><strong>Guelph.</strong></span> <span class='ocrx_word' id='word_1_187' title='bbox 2231 2979 2458 3026; x_wconf 74' lang='lat' dir='ltr'><strong>generum</strong></span> <span class='ocrx_word' id='word_1_188' title='bbox 2472 2966 2684 3016; x_wconf 74' lang='lat' dir='ltr'><strong>voluisti.</strong></span> 
     </span>
     <span class='ocr_line' id='line_1_26' title="bbox 473 3028 2188 3090; baseline -0.001 -12"><span class='ocrx_word' id='word_1_189' title='bbox 473 3028 622 3078; x_wconf 85' lang='lat' dir='ltr'><strong>Idem</strong></span> <span class='ocrx_word' id='word_1_190' title='bbox 646 3028 833 3090; x_wconf 81' lang='lat' dir='ltr'><strong>codex,</strong></span> <span class='ocrx_word' id='word_1_191' title='bbox 854 3029 987 3089; x_wconf 77' lang='lat' dir='ltr'><strong>prius</strong></span> <span class='ocrx_word' id='word_1_192' title='bbox 1007 3029 1157 3079; x_wconf 77' lang='lat' dir='ltr'><strong>illius.</strong></span> <span class='ocrx_word' id='word_1_193' title='bbox 1215 3031 1333 3079; x_wconf 85' lang='lat' dir='ltr'><strong>Vet.</strong></span> <span class='ocrx_word' id='word_1_194' title='bbox 1364 3030 1585 3079; x_wconf 82' lang='lat' dir='ltr'><strong>Putean.</strong></span> <span class='ocrx_word' id='word_1_195' title='bbox 1607 3034 1669 3079; x_wconf 77' lang='lat' dir='ltr'><strong>nd</strong></span> <span class='ocrx_word' id='word_1_196' title='bbox 1689 3032 1900 3080; x_wconf 75' lang='lat' dir='ltr'><strong>Deorum</strong></span> <span class='ocrx_word' id='word_1_197' title='bbox 1920 3031 2188 3080; x_wconf 77' lang='lat' dir='ltr'><strong>concilium.</strong></span> 
     </span>
    </p>

    <p class='ocr_par' dir='ltr' id='par_1_5' title="bbox 473 3094 2684 3233">
     <span class='ocr_line' id='line_1_27' title="bbox 540 3094 2682 3159; baseline 0.001 -18"><span class='ocrx_word' id='word_1_198' title='bbox 540 3094 674 3142; x_wconf 65' lang='grc' dir='ltr'><strong>ΟΜ».</strong></span> <span class='ocrx_word' id='word_1_199' title='bbox 706 3106 784 3141; x_wconf 79' lang='lat' dir='ltr'><strong>tv.</strong></span> <span class='ocrx_word' id='word_1_200' title='bbox 838 3097 864 3141; x_wconf 90' lang='lat' dir='ltr'><strong>l</strong></span> <span class='ocrx_word' id='word_1_201' title='bbox 890 3095 904 3121; x_wconf 91' lang='lat'>‘</span> <span class='ocrx_word' id='word_1_202' title='bbox 934 3094 1176 3151; x_wconf 81' lang='lat' dir='ltr'><strong>Quomodo</strong></span> <span class='ocrx_word' id='word_1_203' title='bbox 1209 3097 1332 3145; x_wconf 78' lang='lat' dir='ltr'><strong>enim</strong></span> <span class='ocrx_word' id='word_1_204' title='bbox 1369 3095 1595 3159; x_wconf 83' lang='lat' dir='ltr'><strong>Guelph.</strong></span> <span class='ocrx_word' id='word_1_205' title='bbox 1634 3094 1863 3145; x_wconf 76' lang='lat' dir='ltr'><strong>frustra-⁹</strong></span> <span class='ocrx_word' id='word_1_206' title='bbox 1899 3097 2173 3145; x_wconf 59' lang='lat' dir='ltr'><strong>Arnim—2</strong></span> <span class='ocrx_word' id='word_1_207' title='bbox 2215 3095 2445 3143; x_wconf 83' lang='lat' dir='ltr'><strong>Rhenan.</strong></span> <span class='ocrx_word' id='word_1_208' title='bbox 2468 3095 2682 3157; x_wconf 83' lang='lat' dir='ltr'><strong>Cuspin.</strong></span> 
     </span>
     <span class='ocr_line' id='line_1_28' title="bbox 473 3156 2684 3233; baseline 0.001 -26"><span class='ocrx_word' id='word_1_209' title='bbox 473 3156 654 3221; x_wconf 86' lang='lat' dir='ltr'><strong>Steph.</strong></span> <span class='ocrx_word' id='word_1_210' title='bbox 679 3158 850 3207; x_wconf 86' lang='lat' dir='ltr'><strong>Livin.</strong></span> <span class='ocrx_word' id='word_1_211' title='bbox 883 3158 1058 3208; x_wconf 83' lang='lat' dir='ltr'><strong>Rivin.</strong></span> <span class='ocrx_word' id='word_1_212' title='bbox 1078 3160 1258 3223; x_wconf 80' lang='lat' dir='ltr'><strong>depulit</strong></span> <span class='ocrx_word' id='word_1_213' title='bbox 1277 3161 1512 3219; x_wconf 48' lang='lat' dir='ltr'><strong>abduxi&amp;</strong></span> <span class='ocrx_word' id='word_1_214' title='bbox 1548 3161 1778 3226; x_wconf 80' lang='lat' dir='ltr'><strong>Guelph.</strong></span> <span class='ocrx_word' id='word_1_215' title='bbox 1801 3162 1924 3210; x_wconf 83' lang='lat' dir='ltr'><strong>Vet.</strong></span> <span class='ocrx_word' id='word_1_216' title='bbox 1953 3162 2122 3211; x_wconf 69' lang='lat' dir='ltr'><strong>Lirin.</strong></span> <span class='ocrx_word' id='word_1_217' title='bbox 2151 3161 2272 3209; x_wconf 84' lang='lat' dir='ltr'><strong>Vct.</strong></span> <span class='ocrx_word' id='word_1_218' title='bbox 2295 3159 2522 3210; x_wconf 83' lang='lat' dir='ltr'><strong>Putean.</strong></span> <span class='ocrx_word' id='word_1_219' title='bbox 2553 3162 2684 3233; x_wconf 61' lang='lat' dir='ltr'><strong>Berg-</strong></span> 
     </span>
    </p>
   </div>
   <div class='ocr_carea' id='block_1_5' title="bbox 468 3315 2685 3625">
    <p class='ocr_par' dir='ltr' id='par_1_6' title="bbox 468 3315 2685 3625">
     <span class='ocr_line' id='line_1_29' title="bbox 1469 3315 1688 3368; baseline -0.014 -1"><span class='ocrx_word' id='word_1_220' title='bbox 1469 3315 1688 3368; x_wconf 86' lang='lat' dir='ltr'>NOTAE</span> 
     </span>
     <span class='ocr_line' id='line_1_30' title="bbox 473 3409 2682 3479; baseline 0.001 -20"><span class='ocrx_word' id='word_1_221' title='bbox 473 3409 579 3460; x_wconf 90' lang='lat' dir='ltr'><strong>nim</strong></span> <span class='ocrx_word' id='word_1_222' title='bbox 637 3409 1021 3469; x_wconf 78' lang='lat' dir='ltr'><strong>Constantium,</strong></span> <span class='ocrx_word' id='word_1_223' title='bbox 1056 3415 1390 3465; x_wconf 79' lang='lat' dir='ltr'><strong>Constantini</strong></span> <span class='ocrx_word' id='word_1_224' title='bbox 1446 3431 1534 3479; x_wconf 82' lang='lat' dir='ltr'><strong>pa·</strong></span> <span class='ocrx_word' id='word_1_225' title='bbox 1687 3415 1703 3448; x_wconf 78' lang='lat'>⁸</span> <span class='ocrx_word' id='word_1_226' title='bbox 1735 3414 1902 3464; x_wconf 80' lang='lat' dir='ltr'><strong>Primo</strong></span> <span class='ocrx_word' id='word_1_227' title='bbox 1947 3415 2163 3478; x_wconf 74' lang='lat' dir='ltr'><strong>ingressu</strong></span> <span class='ocrx_word' id='word_1_228' title='bbox 2199 3412 2550 3476; x_wconf 72' lang='lat' dir='ltr'><strong>adolescentia]</strong></span> <span class='ocrx_word' id='word_1_229' title='bbox 2583 3415 2682 3463; x_wconf 85' lang='lat' dir='ltr'><strong>Lo·</strong></span> 
     </span>
     <span class='ocr_line' id='line_1_31' title="bbox 473 3487 2681 3556; baseline 0 -18"><span class='ocrx_word' id='word_1_230' title='bbox 473 3495 635 3551; x_wconf 84' lang='lat' dir='ltr'><strong>trem,</strong></span> <span class='ocrx_word' id='word_1_231' title='bbox 671 3487 933 3538; x_wconf 74' lang='lat' dir='ltr'><strong>caesarem</strong></span> <span class='ocrx_word' id='word_1_232' title='bbox 968 3490 1348 3555; x_wconf 71' lang='lat' dir='ltr'><strong>et‘Augustnm</strong></span> <span class='ocrx_word' id='word_1_233' title='bbox 1398 3490 1534 3542; x_wconf 82' lang='lat' dir='ltr'><strong>fece·</strong></span> <span class='ocrx_word' id='word_1_234' title='bbox 1620 3505 1713 3540; x_wconf 76' lang='lat' dir='ltr'><strong>cus</strong></span> <span class='ocrx_word' id='word_1_235' title='bbox 1748 3491 1962 3554; x_wconf 72' lang='lat' dir='ltr'><strong>insignis</strong></span> <span class='ocrx_word' id='word_1_236' title='bbox 2004 3492 2069 3541; x_wconf 85' lang='lat' dir='ltr'><strong>ad</strong></span> <span class='ocrx_word' id='word_1_237' title='bbox 2111 3489 2427 3556; x_wconf 83' lang='lat' dir='ltr'><strong>probandam</strong></span> <span class='ocrx_word' id='word_1_238' title='bbox 2466 3497 2521 3538; x_wconf 88' lang='lat' dir='ltr'><strong>et</strong></span> <span class='ocrx_word' id='word_1_239' title='bbox 2545 3489 2681 3539; x_wconf 87' lang='lat' dir='ltr'><strong>Con·</strong></span> 
     </span>
     <span class='ocr_line' id='line_1_32' title="bbox 468 3565 2685 3625; baseline -0.003 -7"><span class='ocrx_word' id='word_1_240' title='bbox 468 3574 570 3618; x_wconf 75' lang='lat' dir='ltr'><strong>rat·</strong></span> <span class='ocrx_word' id='word_1_241' title='bbox 1620 3569 1799 3618; x_wconf 73' lang='lat' dir='ltr'><strong>stantii</strong></span> <span class='ocrx_word' id='word_1_242' title='bbox 1826 3576 1881 3617; x_wconf 91' lang='lat' dir='ltr'><strong>et</strong></span> <span class='ocrx_word' id='word_1_243' title='bbox 1910 3567 2238 3620; x_wconf 70' lang='lat' dir='ltr'><strong>Constantini</strong></span> <span class='ocrx_word' id='word_1_244' title='bbox 2271 3565 2641 3616; x_wconf 80' lang='lat' dir='ltr'><strong>continentiam</strong></span> <span class='ocrx_word' id='word_1_245' title='bbox 2666 3582 2685 3625; x_wconf 71' lang='grc' dir='ltr'>ς</span> 
     </span>
    </p>
   </div>
   <div class='ocr_carea' id='block_1_6' title="bbox 470 3642 2691 4318">
    <p class='ocr_par' dir='ltr' id='par_1_7' title="bbox 470 3642 2691 4318">
     <span class='ocr_line' id='line_1_33' title="bbox 537 3642 2651 3714; baseline -0.003 -19"><span class='ocrx_word' id='word_1_246' title='bbox 537 3652 557 3678; x_wconf 82' lang='grc'><em>·</em></span> <span class='ocrx_word' id='word_1_247' title='bbox 588 3646 785 3695; x_wconf 77' lang='lat' dir='ltr'><strong>Natura</strong></span> <span class='ocrx_word' id='word_1_248' title='bbox 812 3642 1051 3714; x_wconf 68' lang='lat' dir='ltr'><strong>signavit]</strong></span> <span class='ocrx_word' id='word_1_249' title='bbox 1086 3643 1318 3707; x_wconf 82' lang='lat' dir='ltr'><strong>Idipsum</strong></span> <span class='ocrx_word' id='word_1_250' title='bbox 1344 3642 1531 3693; x_wconf 82' lang='lat' dir='ltr'><strong>contir-</strong></span> <span class='ocrx_word' id='word_1_251' title='bbox 1617 3645 1710 3694; x_wconf 72' lang='lat' dir='ltr'><strong>sed</strong></span> <span class='ocrx_word' id='word_1_252' title='bbox 1731 3646 1781 3694; x_wconf 86' lang='lat' dir='ltr'><strong>id</strong></span> <span class='ocrx_word' id='word_1_253' title='bbox 1801 3646 1856 3694; x_wconf 85' lang='lat' dir='ltr'><strong>in</strong></span> <span class='ocrx_word' id='word_1_254' title='bbox 1876 3646 2141 3708; x_wconf 76' lang='lat' dir='ltr'><strong>utrimque</strong></span> <span class='ocrx_word' id='word_1_255' title='bbox 2166 3645 2274 3693; x_wconf 77' lang='lat' dir='ltr'><strong>vita</strong></span> <span class='ocrx_word' id='word_1_256' title='bbox 2296 3642 2651 3706; x_wconf 75' lang='lat' dir='ltr'><strong>expendimus.</strong></span> 
     </span>
     <span class='ocr_line' id='line_1_34' title="bbox 470 3716 2682 3784; baseline -0.002 -14"><span class='ocrx_word' id='word_1_257' title='bbox 470 3727 583 3772; x_wconf 80' lang='lat' dir='ltr'><strong>mat</strong></span> <span class='ocrx_word' id='word_1_258' title='bbox 622 3722 823 3784; x_wconf 76' lang='lat' dir='ltr'><strong>Paneg.</strong></span> <span class='ocrx_word' id='word_1_259' title='bbox 852 3734 957 3769; x_wconf 85' lang='lat' dir='ltr'><strong>vn.</strong></span> <span class='ocrx_word' id='word_1_260' title='bbox 975 3724 1024 3769; x_wconf 83' lang='lat'><strong>4.</strong></span> <span class='ocrx_word' id='word_1_261' title='bbox 1059 3721 1075 3749; x_wconf 86' lang='lat'>‘</span> <span class='ocrx_word' id='word_1_262' title='bbox 1096 3720 1231 3770; x_wconf 87' lang='lat' dir='ltr'><strong>Inde</strong></span> <span class='ocrx_word' id='word_1_263' title='bbox 1265 3729 1347 3769; x_wconf 81' lang='lat' dir='ltr'><strong>est</strong></span> <span class='ocrx_word' id='word_1_264' title='bbox 1396 3720 1530 3784; x_wconf 83' lang='lat' dir='ltr'><strong>quod</strong></span> <span class='ocrx_word' id='word_1_265' title='bbox 1680 3729 1706 3754; x_wconf 81' lang='lat'><strong>¹¹</strong></span> <span class='ocrx_word' id='word_1_266' title='bbox 1738 3722 1902 3770; x_wconf 70' lang='lat' dir='ltr'><strong>Midea</strong></span> <span class='ocrx_word' id='word_1_267' title='bbox 1937 3720 2021 3769; x_wconf 70' lang='lat' dir='ltr'><strong>ille</strong></span> <span class='ocrx_word' id='word_1_268' title='bbox 2058 3721 2347 3772; x_wconf 67' lang='lat' dir='ltr'><strong>Francorum</strong></span> <span class='ocrx_word' id='word_1_269' title='bbox 2380 3716 2557 3779; x_wconf 67' lang='lat' dir='ltr'><strong>millia]</strong></span> <span class='ocrx_word' id='word_1_270' title='bbox 2602 3717 2682 3766; x_wconf 83' lang='lat' dir='ltr'><strong>De</strong></span> 
     </span>
     <span class='ocr_line' id='line_1_35' title="bbox 473 3794 2691 3859; baseline -0.003 -13"><span class='ocrx_word' id='word_1_271' title='bbox 473 3804 623 3846; x_wconf 85' lang='lat' dir='ltr'><strong>tanta</strong></span> <span class='ocrx_word' id='word_1_272' title='bbox 645 3812 711 3847; x_wconf 86' lang='lat' dir='ltr'><strong>ex</strong></span> <span class='ocrx_word' id='word_1_273' title='bbox 748 3795 832 3847; x_wconf 85' lang='lat' dir='ltr'><strong>illo</strong></span> <span class='ocrx_word' id='word_1_274' title='bbox 869 3797 998 3845; x_wconf 83' lang='lat' dir='ltr'><strong>inte</strong></span> <span class='ocrx_word' id='word_1_275' title='bbox 1033 3794 1213 3846; x_wconf 76' lang='lat' dir='ltr'><strong>sormae</strong></span> <span class='ocrx_word' id='word_1_276' title='bbox 1250 3796 1533 3847; x_wconf 81' lang='lat' dir='ltr'><strong>similitudo</strong></span> <span class='ocrx_word' id='word_1_277' title='bbox 1618 3795 1911 3845; x_wconf 81' lang='lat' dir='ltr'><strong>Constantii</strong></span> <span class='ocrx_word' id='word_1_278' title='bbox 1952 3795 2288 3859; x_wconf 84' lang='lat' dir='ltr'><strong>expeditione</strong></span> <span class='ocrx_word' id='word_1_279' title='bbox 2320 3794 2514 3854; x_wconf 78' lang='lat' dir='ltr'><strong>Paneg.</strong></span> <span class='ocrx_word' id='word_1_280' title='bbox 2556 3804 2606 3841; x_wconf 76' lang='grc' dir='ltr'><strong>ν.</strong></span> <span class='ocrx_word' id='word_1_281' title='bbox 2638 3796 2691 3841; x_wconf 83' lang='grc'><strong>8.</strong></span> 
     </span>
     <span class='ocr_line' id='line_1_36' title="bbox 472 3871 2680 3935; baseline -0.003 -14"><span class='ocrx_word' id='word_1_282' title='bbox 472 3872 733 3934; x_wconf 81' lang='lat' dir='ltr'><strong>transivit,</strong></span> <span class='ocrx_word' id='word_1_283' title='bbox 769 3880 825 3920; x_wconf 88' lang='lat' dir='ltr'><strong>ut</strong></span> <span class='ocrx_word' id='word_1_284' title='bbox 870 3871 1109 3934; x_wconf 73' lang='lat' dir='ltr'><strong>signante</strong></span> <span class='ocrx_word' id='word_1_285' title='bbox 1152 3878 1339 3920; x_wconf 80' lang='lat' dir='ltr'><strong>natura</strong></span> <span class='ocrx_word' id='word_1_286' title='bbox 1383 3871 1533 3921; x_wconf 86' lang='lat' dir='ltr'><strong>vulti·</strong></span> <span class='ocrx_word' id='word_1_287' title='bbox 1617 3879 1672 3920; x_wconf 90' lang='lat' dir='ltr'><strong>et</strong></span> <span class='ocrx_word' id='word_1_288' title='bbox 1718 3873 1911 3935; x_wconf 78' lang='lat' dir='ltr'><strong>Paneg·</strong></span> <span class='ocrx_word' id='word_1_289' title='bbox 1955 3885 2055 3921; x_wconf 82' lang='lat' dir='ltr'><strong>vu.</strong></span> <span class='ocrx_word' id='word_1_290' title='bbox 2090 3878 2141 3921; x_wconf 82' lang='lat'><strong>5.</strong></span> <span class='ocrx_word' id='word_1_291' title='bbox 2212 3871 2366 3920; x_wconf 70' lang='lat' dir='ltr'><strong>‘Nec</strong></span> <span class='ocrx_word' id='word_1_292' title='bbox 2403 3874 2680 3919; x_wconf 77' lang='lat' dir='ltr'><strong>contentus</strong></span> 
     </span>
     <span class='ocr_line' id='line_1_37' title="bbox 475 3946 2679 4012; baseline -0.002 -15"><span class='ocrx_word' id='word_1_293' title='bbox 475 3948 573 3998; x_wconf 75' lang='lat' dir='ltr'><strong>bus</strong></span> <span class='ocrx_word' id='word_1_294' title='bbox 623 3950 720 3998; x_wconf 72' lang='lat' dir='ltr'><strong>tuis</strong></span> <span class='ocrx_word' id='word_1_295' title='bbox 757 3950 1011 4012; x_wconf 78' lang='lat' dir='ltr'><strong>impressa</strong></span> <span class='ocrx_word' id='word_1_296' title='bbox 1055 3947 1314 3998; x_wconf 82' lang='lat' dir='ltr'><strong>videatur.</strong></span> <span class='ocrx_word' id='word_1_297' title='bbox 1382 3948 1531 3999; x_wconf 75' lang='lat' dir='ltr'><strong>Ideni</strong></span> <span class='ocrx_word' id='word_1_298' title='bbox 1617 3961 1705 3997; x_wconf 81' lang='lat' dir='ltr'><strong>eas</strong></span> <span class='ocrx_word' id='word_1_299' title='bbox 1732 3948 1933 4007; x_wconf 62' lang='lat' dir='ltr'><strong>vicisse,</strong></span> <span class='ocrx_word' id='word_1_300' title='bbox 1965 3948 2107 4011; x_wconf 77' lang='lat' dir='ltr'><strong>ipsas</strong></span> <span class='ocrx_word' id='word_1_301' title='bbox 2145 3947 2196 3996; x_wconf 87' lang='lat' dir='ltr'><strong>in</strong></span> <span class='ocrx_word' id='word_1_302' title='bbox 2232 3946 2490 3996; x_wconf 71' lang='lat' dir='ltr'><strong>Romana·</strong></span> <span class='ocrx_word' id='word_1_303' title='bbox 2514 3952 2679 3992; x_wconf 75' lang='lat' dir='ltr'><strong>trans·</strong></span> 
     </span>
     <span class='ocr_line' id='line_1_38' title="bbox 472 4015 2683 4088; baseline -0.004 -13"><span class='ocrx_word' id='word_1_304' title='bbox 472 4035 737 4088; x_wconf 74' lang='lat' dir='ltr'><strong>aspectus,</strong></span> <span class='ocrx_word' id='word_1_305' title='bbox 763 4023 949 4073; x_wconf 86' lang='lat' dir='ltr'><strong>eadem</strong></span> <span class='ocrx_word' id='word_1_306' title='bbox 987 4024 1040 4070; x_wconf 86' lang='lat' dir='ltr'><strong>in</strong></span> <span class='ocrx_word' id='word_1_307' title='bbox 1072 4022 1248 4074; x_wconf 83' lang='lat' dir='ltr'><strong>fronte</strong></span> <span class='ocrx_word' id='word_1_308' title='bbox 1287 4025 1533 4087; x_wconf 78' lang='lat' dir='ltr'><strong>gravitas,</strong></span> <span class='ocrx_word' id='word_1_309' title='bbox 1618 4026 1737 4074; x_wconf 81' lang='lat' dir='ltr'><strong>tulit</strong></span> <span class='ocrx_word' id='word_1_310' title='bbox 1773 4027 2030 4086; x_wconf 77' lang='lat' dir='ltr'><strong>nationes,</strong></span> <span class='ocrx_word' id='word_1_311' title='bbox 2077 4031 2135 4073; x_wconf 87' lang='lat' dir='ltr'><strong>ut</strong></span> <span class='ocrx_word' id='word_1_312' title='bbox 2168 4037 2271 4072; x_wconf 87' lang='lat' dir='ltr'><strong>non</strong></span> <span class='ocrx_word' id='word_1_313' title='bbox 2312 4015 2474 4070; x_wconf 78' lang='lat' dir='ltr'><strong>solum</strong></span> <span class='ocrx_word' id='word_1_314' title='bbox 2522 4033 2683 4078; x_wconf 78' lang='lat' dir='ltr'><strong>arma,</strong></span> 
     </span>
     <span class='ocr_line' id='line_1_39' title="bbox 471 4096 2681 4165; baseline -0.003 -15"><span class='ocrx_word' id='word_1_315' title='bbox 471 4101 659 4151; x_wconf 79' lang='lat' dir='ltr'><strong>eadem</strong></span> <span class='ocrx_word' id='word_1_316' title='bbox 692 4102 746 4151; x_wconf 90' lang='lat' dir='ltr'><strong>in</strong></span> <span class='ocrx_word' id='word_1_317' title='bbox 778 4101 940 4151; x_wconf 76' lang='lat' dir='ltr'><strong>oculis</strong></span> <span class='ocrx_word' id='word_1_318' title='bbox 962 4099 1096 4149; x_wconf 85' lang='lat' dir='ltr'><strong>etin</strong></span> <span class='ocrx_word' id='word_1_319' title='bbox 1131 4114 1219 4149; x_wconf 84' lang='lat' dir='ltr'><strong>ore</strong></span> <span class='ocrx_word' id='word_1_320' title='bbox 1247 4101 1530 4165; x_wconf 60' lang='lat' dir='ltr'><strong>tranquilli-</strong></span> <span class='ocrx_word' id='word_1_321' title='bbox 1614 4102 1705 4151; x_wconf 77' lang='lat' dir='ltr'><strong>sed</strong></span> <span class='ocrx_word' id='word_1_322' title='bbox 1741 4110 1797 4154; x_wconf 84' lang='lat' dir='ltr'><strong>et</strong></span> <span class='ocrx_word' id='word_1_323' title='bbox 1822 4100 2087 4151; x_wconf 81' lang='lat' dir='ltr'><strong>feritatem</strong></span> <span class='ocrx_word' id='word_1_324' title='bbox 2119 4113 2314 4164; x_wconf 85' lang='lat' dir='ltr'><strong>ponere</strong></span> <span class='ocrx_word' id='word_1_325' title='bbox 2338 4096 2681 4161; x_wconf 55' lang='lat' dir='ltr'><strong>cogerentur)</strong></span> 
     </span>
     <span class='ocr_line' id='line_1_40' title="bbox 472 4172 2679 4244; baseline -0.002 -18"><span class='ocrx_word' id='word_1_326' title='bbox 472 4183 594 4226; x_wconf 69' lang='lat' dir='ltr'><strong>tusa</strong></span> <span class='ocrx_word' id='word_1_327' title='bbox 633 4178 709 4230; x_wconf 77' lang='lat' dir='ltr'><strong>sic</strong></span> <span class='ocrx_word' id='word_1_328' title='bbox 731 4185 814 4230; x_wconf 81' lang='lat' dir='ltr'><strong>est</strong></span> <span class='ocrx_word' id='word_1_329' title='bbox 846 4176 1004 4228; x_wconf 79' lang='lat' dir='ltr'><strong>index</strong></span> <span class='ocrx_word' id='word_1_330' title='bbox 1043 4176 1312 4228; x_wconf 62' lang='lat' dir='ltr'><strong>modestia</strong></span> <span class='ocrx_word' id='word_1_331' title='bbox 1343 4176 1535 4244; x_wconf 80' lang='lat' dir='ltr'><strong>rubor,’</strong></span> <span class='ocrx_word' id='word_1_332' title='bbox 1615 4177 1822 4228; x_wconf 84' lang='lat' dir='ltr'><strong>Ibidem</strong></span> <span class='ocrx_word' id='word_1_333' title='bbox 1854 4176 1920 4227; x_wconf 87' lang='lat' dir='ltr'><strong>de</strong></span> <span class='ocrx_word' id='word_1_334' title='bbox 1944 4175 2232 4227; x_wconf 70' lang='lat' dir='ltr'><strong>Britanniis</strong></span> <span class='ocrx_word' id='word_1_335' title='bbox 2270 4182 2391 4237; x_wconf 71' lang='lat' dir='ltr'><strong>post</strong></span> <span class='ocrx_word' id='word_1_336' title='bbox 2422 4172 2679 4226; x_wconf 83' lang='lat' dir='ltr'><strong>decimum</strong></span> 
     </span>
     <span class='ocr_line' id='line_1_41' title="bbox 472 4250 2410 4318; baseline -0.007 -4"><span class='ocrx_word' id='word_1_337' title='bbox 472 4255 575 4304; x_wconf 72' lang='lat'><strong>&amp;0-</strong></span> <span class='ocrx_word' id='word_1_338' title='bbox 1615 4254 1827 4306; x_wconf 73' lang='lat' dir='ltr'><strong>tandem</strong></span> <span class='ocrx_word' id='word_1_339' title='bbox 1848 4268 2036 4306; x_wconf 82' lang='lat' dir='ltr'><strong>annum</strong></span> <span class='ocrx_word' id='word_1_340' title='bbox 2060 4250 2410 4318; x_wconf 77' lang='lat' dir='ltr'><strong>recuperatis.</strong></span> 
     </span>
    </p>
   </div>
  </div>
 </body>
</html>
