3084 4959
976 352 1336 404 summo·
1367 352 1550 402 Anu.
1581 352 1695 401 ιιι.
1736 337 1845 404 23.
2339 316 2520 407 1529

320 502 521 569 nnius
558 498 717 565 anui
758 499 1031 564 ubertas
1071 504 1177 563 est
1213 499 1625 562 consulatus.
1708 498 1776 561 4.
1822 496 2124 562 Primum
2163 497 2514 565 thesauro·

317 623 464 672 rum
511 603 807 669 omnium
856 600 1173 666 mandata
1219 601 1558 678 custodia,
1612 606 1684 665 et
1722 599 2129 684 dispensatio
2171 602 2513 685 largiendi.

316 705 703 773 Secundum
733 705 953 769 locum
986 708 1167 768 tenet
1195 703 1262 766 in
1299 702 1617 767 honorum
1645 722 1943 768 meorum
1983 705 2308 769 fructibus
2338 724 2512 789 pree·

316 810 598 875 sectura.
685 805 983 873 Additus
1007 804 1138 883 his,
1168 823 1302 889 quo
1332 804 1436 870 rel
1466 805 1618 871 solo
1647 805 2006 890 cujuslibet
2039 808 2331 873 aviditas
2370 810 2513 873 vin-

319 921 604 989 ceretur,
640 917 1081 996 proventuum
1121 918 1385 976 tuorum
1434 910 1696 987 tertius,
1732 911 2140 976 consulatus.
2226 912 2290 975 5.
2336 910 2514 976 Dein

317 1035 471 1082 cum
523 1032 681 1097 ager
732 1013 1130 1080 assiduitate
1183 1012 1520 1077 fructuum
1567 1014 1636 1077 in
1687 1013 1971 1077 maciem
2019 1012 2432 1098 decoquatur
2453 1014 2513 1095 ς’

319 1116 756 1202 Imperatoris
785 1116 997 1181 nostri
1037 1116 1374 1200 posterior
1403 1114 1780 1180 liberalitas
1811 1116 2017 1180 vincit
2045 1116 2354 1200 priorem,
2386 1136 2516 1183 nec

319 1221 396 1285 fit
444 1221 669 1285 effoeta
708 1218 1062 1302 gignendo,
1112 1219 1235 1284 sed
1288 1238 1410 1303 per
1456 1210 1645 1284 vices
1695 1219 2026 1285 fructuum
2074 1219 2514 1285 foecundatur.

322 1322 533 1388 Nova
581 1341 853 1407 prorsus
902 1321 1033 1387 fuit
1088 1321 1416 1387 honorum
1471 1321 2000 1399 deferendorum,
2051 1330 2124 1387 et
2171 1323 2518 1405 insperata

322 1426 696 1509 congestio.
780 1426 847 1491 6.
900 1424 1223 1489 Nondum
1277 1431 1526 1490 statum
1588 1444 1789 1488 suurn
1843 1425 2128 1490 siderum
2184 1424 2517 1489 curricula

318 1534 758 1604 mutaverant,
790 1528 936 1612 jam
966 1527 1298 1611 Princeps
1343 1546 1612 1593 cursum
1654 1528 2000 1611 dignitatis
2030 1529 2302 1593 alterius
2332 1546 2518 1593 com·

320 1633 635 1697 movebat
655 1651 673 1698 ι
693 1639 717 1670 ⁶
760 1630 965 1696 etiam
1013 1636 1157 1695 tum
1194 1631 1297 1694 sol
1338 1631 1427 1694 ab
1471 1630 1836 1695 eorundem
1867 1636 2199 1695 astrorum
2244 1632 2522 1712 regione

319 1730 653 1814 radiabat,
691 1732 837 1818 jam
869 1732 1221 1816 Augustus
1262 1736 1456 1800 tertia
1485 1735 1925 1817 magistratus
1961 1734 2094 1798 mei
2124 1733 2314 1816 signa
2342 1740 2526 1797 tran-

319 1837 689 1903 scenderat.
773 1839 841 1904 7.
886 1837 1169 1917 Quaeso,
1211 1859 1342 1904 non
1386 1840 1580 1904 vobis
1622 1838 1843 1902 inanis
1883 1837 2114 1920 gloriae
2153 1836 2522 1921 cupidissi-ss'

318 1944 499 2017 mus,
529 1958 664 2005 nen
700 1939 990 2023 flagrans
1027 1941 1396 2006 ambitione
1434 1941 1718 2005 notabili
1756 1938 2111 2018 rideretur,
2158 1940 2221 2003 si
2261 1941 2417 2022 quis
2448 1939 2516 2003 in

321 2061 400 2106 se
428 2049 624 2108 tanta
653 2043 902 2127 pariter
929 2048 1248 2127 optasset,
1279 2053 1533 2128 quanta
1555 2045 1623 2108 in
1646 2063 1752 2109 me
1774 2063 1904 2109 uno
1928 2044 2227 2128 tempore
2251 2042 2524 2126 Augus«

322 2150 438 2209 tus
467 2144 796 2227 ingessit?

404 2245 585 2311 Cu».
621 2262 871 2312 xxm.
941 2245 1005 2312 1.
1050 2248 1369 2316 Habitari
1390 2250 1481 2314 ab
1500 2248 1711 2333 justis
1740 2250 1903 2317 viris
1934 2255 2144 2314 terras
2167 2248 2236 2312 in
2261 2254 2520 2314 oceano

315 2349 559 2428 ferunt,
588 2368 765 2433 quas
798 2349 1318 2416 Fortunatorum
1355 2351 1660 2417 insulas⁰
1703 2359 1978 2431 vocant,
2011 2353 2195 2435 quod
2226 2371 2341 2436 per
2377 2352 2515 2428 eas,

317 2471 458 2518 non
483 2458 670 2517 arato
711 2453 885 2528 solo,
932 2454 1262 2519 frumenta
1293 2463 1685 2534 nascuntur,
1729 2452 2031 2521 fortuitis
2067 2454 2313 2520 vitibus
2349 2452 2518 2539 juga

318 2555 591 2620 collium
622 2556 968 2620 vestiuntu
976 2577 1028 2634 r,
1053 2561 1295 2639 sponte
1324 2557 1548 2640 pomis
1578 2559 1771 2623 arbor
1798 2563 2134 2640 gravatur,
2165 2555 2251 2622 ad
2278 2556 2520 2625 herba-³

317 2676 463 2723 rum
491 2658 715 2723 vicem
738 2657 890 2722 olus
922 2657 1126 2740 vulgo
1154 2664 1277 2723 est.
1349 2658 1417 2723 2.
1450 2657 1809 2737 Quantula
1832 2661 1973 2724 ista
1996 2665 2180 2739 sunt,
2204 2658 2265 2723 si
2296 2658 2517 2724 Deum

320 2766 659 2826 auctorem
688 2759 1098 2840 consideres,
1123 2780 1393 2827 munera
1412 2760 1443 2823 'l
1531 2760 1799 2848 Nempe
1826 2762 2017 2828 nobis
2047 2780 2341 2845 quoque,
2363 2778 2520 2829 cum

385 2943 409 2977 ⁶
439 2945 729 2996 Macilentuo
743 2947 987 2996 reddatur.

332 3012 337 3019 ’
383 3017 405 3045 ⁶
434 3012 553 3059 dam
572 3010 830 3076 imperator
848 3026 1019 3062 nouum
1038 3010 1325 3073 dignitatem
1344 3011 1465 3062 mihi
1484 3011 1774 3063 destinabat.

1220 3157 1590 3178 mm

318 3256 492 3307 Moerl.
529 3255 651 3305 mihi
678 3272 724 3306 c.
759 3260 897 3307 terna
930 3256 1086 3306 Moerl
1092 3262 1207 3308 .-4
1228 3259 1472 3308 Βοιιονιιιιι
1502 3270 1710 3308 meorum
1742 3256 1953 3307 Puteal.
1988 3254 2222 3304 Rbennn.
2270 3254 2340 3304 H.
2372 3260 2428 3303 et
2450 3253 2519 3306 P.

318 3319 447 3385 step
451 3323 498 3370 b.
532 3321 704 3371 Lirin.
740 3321 911 3372 Ririn.
944 3324 1010 3371 al.
1046 3331 1173 3371 vett.
1218 3324 1445 3373 honorum
1480 3338 1686 3372 meorum
1708 3323 1832 3371 Ver.
1866 3322 2032 3371 Lirin.
2063 3322 2267 3370 Bertin.
2293 3319 2519 3381 Gnelpb.
2535 3379 2540 3389 .
2581 3374 2586 3379 ¹

321 3387 535 3451 Cuspiu-
559 3387 716 3437 Grut.
749 3393 804 3436 et
838 3394 1063 3439 recentt.
1118 3389 1268 3445 Mox,
1300 3390 1557 3439 avidarum
1578 3390 1929 3439 Puteum&
1949 3387 2088 3436 Male
2111 3385 2335 3448 Guelpb.
2351 3386 2522 3435 vinci·

316 3452 538 3514 priorem.
543 3450 763 3502 ’.Arntz
796 3453 1020 3504 honorum
1040 3454 1387 3514 inserendorum
1408 3455 1616 3505 Puteol.
1640 3455 1869 3505 Rhenan.
1893 3452 1962 3502 H.
1986 3459 2041 3500 et
2067 3452 2125 3500 P.
2145 3451 2328 3513 steph.
2350 3450 2523 3500 Livin-

322 3515 495 3565 Riviu.
539 3517 606 3565 al.
646 3524 776 3566 vett.
841 3519 1064 3568 honorum
1103 3519 1459 3577 deferendorum
1500 3519 1624 3568 Vct.
1665 3519 1830 3569 Livin-
1870 3518 2069 3568 Bertin.
2116 3516 2341 3579 Guelph.
2386 3515 2520 3564 Exc.

321 3581 610 3630 Schonbov.
627 3581 783 3631 Grut.
802 3590 859 3633 et
878 3591 1102 3633 receutt·
1132 3586 1357 3633 Ιιοιιονιιιιι
1380 3583 1728 3644 referendorum
1752 3585 1983 3634 Patarol.
2050 3581 2196 3639 Mox.
2229 3587 2278 3630 et
2298 3579 2477 3628 deest
2465 3593 2520 3628 ιιι

320 3645 1150 3709 Moer1.etGuelph.-enerttn.
1195 3654 1243 3698 et
1266 3649 1372 3708 jam
1396 3650 1660 3711 Augustus.
1726 3650 1876 3707 Mox,
1908 3645 2048 3697 Gud.
2091 3647 2185 3695 mei
2216 3645 2519 3706 insignia.—

320 3711 574 3770 rouen,
604 3712 876 3762 navet.
912 3714 1082 3763 Lirin.
1120 3713 1323 3762 Βοιιίιι.
1360 3665 1539 3763 Gudgsu
1538 3714 1713 3762 Μαι-Ι.
1748 3712 1979 3778 cuspin.
2010 3724 2123 3761 nm
2144 3710 2519 3775 flagrmvet.

322 3774 493 3827 Liviu.
512 3776 717 3826 Bertiu.
779 3778 930 3841 Mox,
959 3779 1141 3840 partite
1160 3782 1366 3840 optasset
1389 3777 1528 3841 conj.
1553 3778 1758 3828 Acidsl.

387 3834 523 3892 cst.
547 3854 725 3894 xxm.
757 3845 786 3893 1
811 3844 933 3893 vet.
953 3843 1178 3894 Putean.
1202 3858 1293 3906 per
1312 3857 1403 3894 εοι.
1406 3849 1504 3894 —2
1528 3844 1657 3893 Exc.
1679 3842 1965 3894 Schonhov.
1994 3836 2293 3891 consideres?
2324 3853 2521 3890 munera

1314 3970 1530 4022 NOTAE

380 4098 409 4128 θ
438 4090 815 4141 Fon-natm
832 4088 1044 4158 inulas]
1066 4090 1147 4139 De
1162 4087 1242 4137 his
1265 4101 1383 4151 pas·
1463 4085 1620 4140 sulas.
1642 4080 1839 4134 Reddit
1871 4082 1959 4133 ubi
1981 4082 2228 4134 Cererem
2254 4082 2410 4132 tellus
2440 4081 2520 4131 iu-

319 4169 416 4219 sim
438 4167 576 4233 apud
600 4166 799 4231 poetas.
854 4165 1045 4217 Horat.
1064 4164 1234 4228 Epod.
1260 4178 1382 4229 xvst-
1462 4169 1610 4213 arata
1642 4162 1935 4226 quotannis,
1969 4162 2039 4213 Et
2075 4162 2328 4228 imputata
2367 4159 2519 4212 floret

319 4251 335 4273 ⁴
357 4245 529 4295 Beata
559 4244 812 4297 Petamus
843 4256 991 4308 arra,
1011 4241 1201 4294 divites
1224 4249 1280 4293 et
1301 4240 1383 4292 in·
1461 4255 1626 4306 usque
1651 4237 1838 4305 vinea}
1857 4241 1958 4290 διο.
