3084 4959
458 377 634 446 1298
1101 390 1431 441 nummu!
1478 390 1782 440 rrmncr
1798 389 2024 442 arcus

456 541 523 608 2.
568 536 631 604 Ο
672 536 960 603 victoria
998 535 1374 621 multijuga,
1418 537 1484 603 et
1528 535 2112 602 innumerabilium
2161 530 2663 622 triumphorum,

461 662 594 727 qua
637 640 1010 707 Britanniae
1047 641 1408 717 restitutae,
1441 659 1583 724 qua
1609 639 2021 705 Francorum
2051 640 2229 706 vires
2257 641 2518 725 penitus
2547 662 2668 707 ex·

459 745 649 822 cisae,
679 754 814 828 qua·
852 727 1089 808 multis
1132 748 1457 826 praeterea
1496 743 1826 825 gentibus,
1865 744 1934 807 in
1977 737 2444 828 conjuratione
2483 744 2667 810 illius

457 846 731 914 sceleris
781 844 1246 929 deprehensi&
1291 844 1619 928 imposita
1664 850 1765 910 est
1814 846 2179 912 necessitas
2226 848 2666 931 obsequendi,

460 948 750 1033 denique
801 946 891 1013 ad
941 953 1333 1032 perpetuam
1383 947 1679 1032 quietem
1730 941 1942 1013 maria,
1986 956 2272 1033 purgata
2321 950 2513 1014 sunt!
2601 953 2667 1015 3.

461 1050 777 1117 Gloriare
822 1056 895 1117 tu
939 1069 1122 1130 vero,
1153 1049 1389 1116 Caesar
1430 1050 1698 1129 invicte,
1727 1050 1937 1116 alium
1980 1060 2050 1117 te
2092 1053 2317 1118 orbem
2352 1058 2670 1136 terrarum

458 1156 807 1239 reperisse,
828 1155 971 1240 qui,
995 1154 1327 1220 Romanae
1351 1155 1676 1238 potentiae
1701 1148 1975 1237 gloriam
2006 1156 2428 1221 restituendo
2458 1171 2668 1220 nava-

458 1256 617 1333 lem,
666 1256 989 1322 addidisti
1042 1256 1330 1341 imperio
1378 1256 1568 1321 terris
1616 1257 1926 1323 omnibus
1975 1258 2194 1342 majus
2246 1260 2668 1324 elementum.

459 1358 527 1423 4.
575 1357 970 1435 confecisti,
1001 1358 1298 1442 inquam,
1326 1357 1599 1437 bellum,
1630 1353 1872 1425 Caesar.
1889 1360 2162 1438 invicte,
2195 1361 2378 1445 quod
2411 1362 2670 1426 cunctis

459 1459 847 1543 impendere
890 1460 1256 1554 provinciis
1293 1458 1673 1539 videbatur,
1700 1468 1978 1546 tamque
2015 1463 2157 1529 late
2185 1465 2417 1547 vagari
2450 1470 2518 1529 et
2546 1463 2666 1529 fla-

461 1580 648 1646 grare
690 1568 974 1647 poterat,
1015 1581 1216 1647 quam
1258 1562 1398 1628 late
1436 1565 1656 1630 omnis
1697 1562 2035 1644 Oc‘eanuS,
2074 1573 2141 1632 et
2187 1566 2670 1632 Mediterranei

464 1664 652 1732 sinus
683 1663 966 1730 alluunt.
1121 1739 1125 1744 ⁶

550 1765 733 1836 CAP.
783 1782 1019 1833 xvlu.
1075 1768 1138 1833 1.
1171 1766 1416 1853 Neque
1446 1770 1643 1849 euim,
1666 1771 1727 1835 si
1754 1772 2149 1837 nutu‘vestri
2182 1770 2331 1835 lues
2362 1771 2485 1836 illa
2507 1772 2674 1836 solis

461 1869 839 1938 Britanniae
885 1871 1262 1936 visceribus
1305 1872 1649 1951 intabuit:
1700 1874 1954 1939 idcirco
2006 1875 2367 1953 nescimuS,
2415 1879 2672 1959 quanto

463 1993 540 2039 se
582 1974 753 2039 alias
796 1973 1020 2039 furore
1053 1972 1413 2058 jactasset,
1447 1975 1509 2039 si
1538 1975 1854 2042 fiduciam
1884 1976 2347 2062 pervagandi,⁸
2385 1996 2523 2061 qua
2551 1996 2669 2061 pa-

461 2078 673 2155 tebat,
703 2076 1070 2143 habuisset.
1154 2077 1219 2142 2.
1265 2076 1477 2144 Nullo
1519 2079 1898 2163 siquidem⁸
1942 2090 2128 2145 certo
2157 2079 2292 2143 fine
2322 2079 2674 2156 montium,

463 2184 585 2246 aut
621 2178 967 2244 fluminum
1013 2181 1512 2259 terminabatur,
1542 2201 1742 2265 quem
1785 2181 2144 2267 dispositae
2178 2181 2411 2246 limitis
2453 2189 2672 2248 custo-

464 2282 596 2350 diae
627 2289 1004 2365 tuerentur;
1050 2282 1172 2348 sed
1192 2284 1476 2369 ubique,
1509 2285 1705 2350 vanis
1735 2286 1895 2350 licet
1923 2286 2217 2350 motibus
2248 2284 2431 2369 apud
2463 2284 2676 2348 virtu-

463 2394 611 2451 tem.
639 2386 1161 2471 felicitatemque
1206 2393 1522 2467 vestram,
1565 2389 1827 2472 magnis
1871 2396 2099 2454 tamen
2143 2389 2510 2453 terroribus
2552 2388 2675 2451 im-

463 2489 786 2567 minebat,
817 2508 956 2573 qua
971 2489 1214 2573 Jacent
1240 2491 1476 2569 maria,
1509 2511 1648 2575 qua
1672 2491 1858 2556 venti
1885 2491 2128 2556 ferunt.
2215 2491 2279 2568 3.
2325 2489 2674 2556 Recursa·

461 2593 580 2658 bat
622 2594 877 2679 quippe
914 2596 985 2659 in
1027 2595 1288 2659 animos
1328 2595 1446 2661 illa
1486 2596 1612 2660 sub
1645 2594 1839 2664 ,Divo
1882 2592 2159 2659 Probob
2199 2600 2271 2658 et
2304 2611 2676 2677 paucorum

529 2786 556 2811 ⁸
587 2778 730 2829 Intra
750 2779 1032 2829 Britannice
1050 2794 1159 2830 oras
1174 2794 1231 2838 se,
1247 2779 1500 2830 continuit.
1694 2778 1718 2813 ὅ
1749 2778 1813 2830 Si
1833 2793 1949 2829 aueo
1967 2782 2091 2830 esset
2104 2779 2380 2844 pervagari.

1381 2910 1748 2932 memte

467 2988 774 3039 Acidal.--2
796 2988 932 3039 Edd.
965 2995 1096 3040 vett.
1118 2996 1287 3056 geme
1309 2991 1604 3041 Francorum
1621 3006 1642 3049 ,·
1686 2988 1841 3040 codd.
1864 2991 1990 3041 Put.
2016 2989 2158 3041 Gud.
2180 2991 2359 3041 Moerl.
2381 2991 2680 3042 Francorum

463 3056 591 3105 vireo
605 3072 627 3115 ,·
659 3055 694 3106 J
700 3070 861 3119 aeger.
873 3055 1004 3106 vires
1023 3056 1434 3106 Francorum—8
1464 3056 1692 3106 Gloriam
1711 3072 1822 3106 vero
1844 3062 1898 3106 tu
1923 3056 2138 3119 Cuspin.
2164 3064 2218 3105 et
2246 3057 2353 3105 Moe
2363 3058 2423 3106 rl.
2482 3056 2550 3105 G.
2570 3071 2678 3107 vere

462 3121 679 3188 tueonj‘.
704 3119 875 3172 L‘ivin.
905 3121 1140 3184 peperisse
1160 3127 1208 3171 et
1235 3123 1409 3172 Livia.
1432 3128 1487 3172 et
1507 3122 1690 3185 Steph.
1725 3122 1975 3186 reperisse,
1998 3123 2081 3186 qui
2101 3120 2254 3171 codd.
2279 3121 2446 3171 Livin-
2475 3121 2680 3170 Ber-tin.

462 3186 682 3250 Cuspin.
715 3188 843 3235 Exc.
879 3188 1041 3249 hang.
1066 3186 1291 3237 Putean.
1326 3189 1408 3252 qui
1439 3187 1636 3237 habent
1671 3189 1829 3237 etiam
1871 3188 2100 3248 Guelph.
2123 3187 2296 3235 Moerl.
2334 3187 2680 3250 Parisienses‚

465 3250 698 3301 Patarol.
722 3261 776 3301 et
798 3251 986 3301 cellar.
1021 3251 1128 3301 Pro
1152 3252 1616 3314 addidisti,Acidal.
1638 3254 1737 3316 legi
1754 3253 1910 3318 jubet
1931 3252 2282 3303 addidisse-4
2308 3250 2679 3314 Guelph.jam-

465 3331 555 3381 que
583 3319 680 3366 late
716 3332 764 3366 υ.
803 3332 860 3365 uc
879 3317 1118 3381 flagrare.
1171 3318 1478 3371 Edd.·vett.
1515 3320 1748 3377 oblimat,-
1803 3318 1924 3367 Vet.
1963 3319 2185 3369 Putean.
2218 3317 2422 3368 Ber-tin.
2460 3318 2677 3381 Cuspio.

464 3382 692 3444 Guelph.
716 3382 846 3431 Exc.
871 3382 1161 3441 Schonhov.
1178 3384 1380 3447 alluunt,
1404 3392 1463 3433 ut
1486 3386 1629 3449 conj.
1655 3383 1857 3434 Acidal.

533 3446 670 3496 Cn».
704 3459 872 3496 xvm.
921 3451 947 3495 1
976 3445 1111 3496 Edd.
1147 3456 1268 3498 ante
1294 3447 1542 3499 Arntzen.
1564 3452 1608 3499 εἰ
1631 3447 1757 3499 melu
1777 3446 1959 3504 varri,-
1996 3447 2129 3495 solus
2154 3445 2385 3509 Guelph.
2408 3446 2455 3495 εἰ
2475 3451 2678 3495 uutu.—
2749 3496 2766 3503 ,

467 3514 501 3561 2
535 3512 684 3561 Nullo
718 3512 905 3575 quidem
940 3511 1145 3562 Acidal.
1189 3518 1319 3564 certe
1342 3514 1451 3579 fine
1492 3515 1699 3565 Puteol.
1738 3514 1970 3564 Rhenan.
2005 3513 2078 3562 H.
2112 3511 2294 3574 Stepb.
2332 3519 2386 3560 et
2428 3512 2602 3561 Rivin.
2636 3516 2677 3561 l.

465 3583 595 3627 certo
601 3577 708 3643 fine
731 3579 860 3627 Exc.
882 3577 1171 3628 Schonhov.
1196 3587 1252 3628 ut
1279 3580 1418 3644 conj.
1435 3579 1643 3632 Acidal.
1667 3580 1813 3629 Idem
1835 3578 2041 3630 Acidal.
2058 3577 2198 3639 conj.
2221 3576 2610 3640 ter-minabamur,
2627 3592 2677 3640 q.

467 3642 518 3691 d.
537 3642 784 3693 limitibus).
808 3643 1022 3707 cuspin.
1047 3645 1218 3693 Livin.
1242 3645 1475 3696 Rhenan.
1499 3646 1686 3710 Steph.
1716 3652 1769 3695 et
1793 3644 1969 3694 Rivin.
2004 3649 2052 3695 l.
2102 3643 2332 3692 custodite
2365 3657 2457 3691 non
2494 3649 2681 3692 tueren-

469 3712 551 3757 tur
567 3724 589 3768 ,-
609 3710 731 3759 Vet.
753 3709 976 3759 Putean.
1001 3709 1204 3760 Bertin.
1230 3707 1360 3761 Exc.
1394 3712 1556 3774 Lang.
1579 3712 1751 3761 Moerl.
1775 3709 2001 3771 Guelph.
2033 3714 2090 3757 et
2113 3708 2232 3757 edd.
2260 3715 2481 3757 recentt.
2504 3707 2684 3767 delent

467 3773 528 3821 τὸ
541 3788 654 3823 non.
707 3774 843 3824 Edd.
871 3784 993 3825 ante
1020 3774 1271 3825 Arntzen.
1288 3778 1371 3827 sed
1387 3777 1555 3841 ubique
1576 3776 1715 3826 novis
1727 3791 1747 3835 ,·
1769 3776 1885 3825 cod.
1909 3776 1982 3825 D.
2002 3774 2175 3824 Marci
2199 3788 2283 3836 ap.
2306 3774 2536 3822 Patarol.
2555 3772 2679 3822 Ver.

471 3838 692 3888 Puteau.
715 3840 888 3889 Moerl.
913 3849 968 3890 et
986 3839 1216 3904 Guelpb.
1234 3843 1317 3891 sed
1339 3842 1527 3906 ubique,
1548 3842 1699 3902 vanis,
1722 3844 1802 3905 &c-
1872 3841 2020 3902 Mox,
2044 3844 2248 3890 vestram
2269 3838 2540 3888 haberemus
2560 3837 2685 3887 edd.

471 3910 602 3956 vett.
656 3904 929 3955 haberemus
947 3906 1100 3958 deest
1120 3909 1174 3958 in
1197 3907 1337 3957 Gud.
1392 3909 1498 3957 Pro
1529 3908 1738 3971 magnis,
1773 3906 2000 3971 Guelph.
2034 3906 2192 3956 babet
2226 3905 2398 3965 magis.
2455 3903 2680 3969 Guelph.
2789 3910 2799 3918 ·

1464 4004 1684 4055 NOTAE

443 4140 447 4143 .
536 4105 561 4133 ⁸
593 4099 741 4149 Nullo
773 4100 1028 4166 siquidem]
1077 4102 1287 4153 Montes
1328 4102 1536 4169 quidem
1618 4107 1744 4153 cent
1767 4101 1931 4153 maria
1965 4107 2218 4152 terrorem
2255 4098 2310 4148 hi
2349 4096 2497 4149 nobis
2533 4097 2714 4150 incu·.

473 4181 529 4227 et
550 4177 729 4228 littora
751 4186 934 4230 nostra
954 4179 1291 4230 barbarorum
1316 4181 1535 4231 incursi·
1617 4178 1836 4230 tiebant.

473 4256 657 4307 onibus
695 4263 844 4308 erant
889 4257 1166 4322 impervia,
1197 4255 1287 4307 sed
1328 4271 1429 4323 qua
1448 4257 1534 4322 ja·
1680 4253 1718 4321 P'
1739 4257 1842 4308 Sub
1864 4256 1937 4308 D.
1961 4253 2149 4320 Probo]
2185 4254 2240 4304 1⁸
2262 4252 2452 4306 Tacito
2486 4259 2541 4306 et
2566 4255 2678 4307 Flo·
