3084 4959
956 329 1491 382 consummo
1539 331 1721 382 aue.
1795 330 1909 384 rx.
1938 316 2047 383 20.
2418 314 2594 387 1429

391 481 710 562 zspectare
752 479 1140 560 potuerunt;
1181 476 1301 562 qui
1342 481 1500 542 tuus
1546 481 1728 542 esset
1766 475 1985 559 fulgor
2029 476 2399 553 oculorum,
2434 494 2592 562 quse

405 581 616 647 totius
639 580 944 663 corporis
973 580 1375 644 circumfusa
1403 578 1744 664 majestas,
1773 599 1927 663 quae
1957 579 2095 645 oris
2125 578 2440 661 dignitas.
2472 624 2478 631 .
2527 582 2595 645 7.

404 680 719 748 Gaudere
764 682 993 773 cuncti
1037 681 1572 766 spectaculorum
1615 701 1825 759 mora,
1865 689 1936 747 et
1975 681 2414 751 familiaribus
2460 682 2593 747 sibi

404 783 772 849 artificibus
819 785 907 849 ob
955 783 1086 849 hoc
1134 784 1353 849 solum
1392 784 1642 862 favere,
1682 783 1866 868 quod
1902 789 1970 849 te
2008 789 2335 869 praesente
2380 793 2594 850 certa-

403 885 595 951 rent!

432 1026 438 1032 ·
493 987 673 1055 CAP.
720 1001 864 1051 xx.
936 986 1003 1051 1.
1049 984 1229 1051 Nam
1268 986 1426 1071 quid
1465 1006 1590 1070 ego
1620 984 1713 1051 de'
1732 986 1868 1051 tuis
1913 986 1981 1051 in
2024 986 2596 1055 curia-sententiis

405 1096 605 1173 atque
646 1090 816 1153 actis
853 1087 1142 1172 loquar?
1185 1091 1434 1174 quibus
1467 1088 1736 1154 senatui
1765 1090 2223 1153 auctoritatem
2255 1090 2596 1173 pristinam

404 1191 778 1270 reddidisti,
810 1189 1116 1269 salutem,
1148 1211 1348 1274 quam
1376 1211 1491 1276 per
1520 1196 1588 1255 te
1616 1197 2016 1275 receperant,
2045 1211 2176 1255 non
2205 1192 2600 1275 imputasti,0

404 1294 786 1359 memoriam
832 1293 981 1379 ejus
1027 1293 1098 1356 in
1140 1301 1409 1378 pectore
1451 1299 1567 1358 tuo
1613 1293 2075 1376 sempiternam
2122 1292 2260 1358 fore
2303 1313 2597 1377 spopon-

407 1396 591 1462 disti.
674 1397 742 1462 2.
790 1395 1105 1464 Dicerem
1157 1397 1350 1479 plura
1398 1395 1481 1460 de
1531 1394 1780 1460 divinis
1829 1395 2244 1459 orationibus
2296 1396 2460 1473 tuis,
2509 1395 2596 1461 de

407 1499 641 1565 oblata
682 1499 938 1584 potius,
986 1518 1189 1582 quam
1241 1499 1619 1582 impetrata,
1663 1498 2106 1578 benignitate3
2158 1499 2291 1563 nisi
2332 1498 2599 1563 mallem

408 1601 594 1667 dicta
648 1603 949 1681 reticere,
999 1602 1160 1666 dum
1222 1620 1508 1684 propero
1565 1602 1751 1665 facta
1798 1599 2088 1664 laudare.
2205 1600 2602 1680 Quamlibet

406 1705 616 1770 verba
658 1710 774 1769 tua
816 1705 887 1768 in
932 1713 1170 1770 senatu
1213 1705 1445 1769 habita
1481 1705 1678 1770 nobis
1716 1710 1875 1768 nota
1904 1702 2060 1781 sint,
2093 1712 2342 1783 tamen,
2366 1706 2600 1788 qualia

403 1804 675 1885 fuerint,
706 1807 1082 1874 elementiae
1127 1815 1261 1872 tnae
1307 1808 1519 1889 gloria
1555 1807 1919 1872 nuntiavit.
1990 1806 2071 1870 3.
2117 1805 2178 1870 Ο
2207 1808 2474 1872 tandem
2504 1805 2603 1872 fe-

406 1909 511 1977 lix
538 1911 747 1990 civili,
777 1910 1024 1986 Roma,
1056 1910 1341 1977 victoria
1361 1910 1416 1975 2⁴
1456 1910 1695 1995 irrupit
1724 1909 1885 1976 olim
1917 1918 1984 1976 te
2011 1908 2229 1976 Cinna
2256 1908 2604 1990 furiosus?

408 2018 479 2077 et
521 2011 787 2078 Marius
831 2009 1088 2093 iratus,¹
1129 2012 1248 2097 qui
1283 2032 1414 2077 non
1451 2012 1718 2078 solo.se
1748 2012 2021 2080 Octavii
2052 2014 2345 2079 consulis
2375 2013 2602 2098 capite

413 2184 418 2189 ’
473 2192 497 2228 ⁸
526 2195 703 2248 Amare
723 2211 881 2248 omnes
912 2211 1093 2248 moram
1116 2212 1220 2261 «ινα
1253 2203 1375 2247 esset
1408 2197 1460 2246 ia
1481 2198 1777 2262 spectaculis,
1804 2203 1850 2249 et
1886 2203 2021 2249 notos
2056 2196 2152 2249 sibi
2175 2197 2470 2261 gladiatores
2487 2200 2605 2251 adeo

408 2275 587 2321 amare,
608 2268 795 2312 laneum
815 2264 936 2327 quod
954 2268 1222 2325 pugnarent
1239 2278 1396 2312 coram
1419 2268 1481 2312 te.

474 2333 496 2360 θ
529 2327 744 2377 Noluisti
765 2334 818 2378 ut
843 2343 983 2392 quam
1005 2330 1074 2378 eis
1093 2329 1241 2377 eitam
1260 2343 1491 2383 servaras,
1514 2327 1727 2395 beneficii
1747 2328 1843 2378 loco
1863 2344 1894 2377 α
1916 2331 1965 2378 te
1986 2333 2225 2392 acceptam
2242 2328 2497 2389 referrent.

473 2389 502 2423 ‘¹
536 2392 691 2443 Beata
713 2392 868 2444 Roma
888 2399 1078 2457 propter
1102 2394 1288 2467 civilem
1308 2393 1572 2443 victorium.

1320 2533 1692 2557 W

409 2580 621 2685 iurant,
656 2617 855 2669 Acidal.
876 2619 1013 2684 conj.
1033 2624 1277 2682 optarunt,
1300 2626 1390 2669 aut
1412 2625 1716 2684 putaverant,
1743 2619 1805 2687 (i.
1839 2633 1886 2668 e.
1908 2619 2289 2684 oestimamnt3)
2321 2621 2403 2671 vel
2421 2622 2604 2686 petive-

408 2688 539 2734 runt.
624 2685 771 2746 Mox,
792 2684 1267 2748 totiusqafflrporis
1287 2686 1506 2747 cuspin.
1546 2686 1778 2736 Rbenan.
1817 2686 1996 2750 Stepb.
2020 2686 2185 2737 Lirin.
2205 2686 2377 2738 Rivin.
2403 2691 2450 2737 1.
2499 2701 2605 2751 qu

393 2750 562 2822 'totius
582 2753 788 2813 corporis
808 2751 1007 2800 Berua.
1032 2749 1189 2800 Grut.
1211 2760 1264 2799 et
1289 2759 1512 2800 reeentt.
1692 2758 1711 2779 ⁸

479 2813 614 2864 Car.
639 2827 737 2865 xx.
771 2819 803 2864 2
829 2816 897 2864 Ee
915 2815 1130 2878 quamvis
1149 2815 1290 2865 verba
1313 2816 1450 2864 solus
1467 2816 1633 2867 Livin.
1670 2814 1942 2872 Quamlibet
1958 2815 2102 2864 verba
2136 2814 2261 2865 Vet.
2287 2813 2454 2864 Livin.
2480 2815 2608 2865 Ber·

412 2876 509 2929 tiu.
533 2880 746 2943 Cuspin.
768 2882 1033 2944 ceterique
1055 2880 1206 2929 codd.
1232 2889 1287 2930 et
1323 2879 1443 2930 edd.
1491 2885 1506 2909 ⁸
1523 2881 1675 2930 Unde
1704 2883 1841 2929 solus
1864 2881 2033 2933 edidit
2053 2881 2217 2931 Livin.
2284 2880 2355 2930 Et
2375 2881 2609 2943 quanvis,

410 2940 633 3006 ignoro!
665 2944 841 2994 Amts.
894 2946 1032 2995 nobis
1052 2946 1218 3007 ignota
1241 2946 1338 2995 sint
1370 2945 1507 3009 conj.
1533 2945 1702 2995 Lirin.
1727 2953 1781 2994 et
1805 2944 2007 2995 Acidal.
2081 2960 2131 2994 π.
2163 2949 2275 2995 nota
2295 2951 2405 2994 sant
2429 2946 2606 2997 Moerl.

411 3008 549 3059 nobis
568 3023 661 3057 non
688 3016 801 3059 note
822 3010 922 3059 siat
943 3012 1237 3073 desen—8
1259 3011 1461 3059 Berlin.
1484 3027 1570 3072 ap.
1597 3010 1759 3061 Livin.
1782 3014 1830 3058 te
1851 3011 1963 3059 olim
1993 3009 2146 3072 Sylla.
2209 3013 2226 3039 ‘
2250 3010 2400 3059 Unde
2422 3012 2606 3073 quando

410 3075 511 3125 solo
543 3076 683 3124 solus
717 3074 956 3126 ediderat
977 3076 1149 3126 Livin.
1168 3074 1384 3140 ignoro?
1412 3076 1590 3126 Arm.
1659 3077 1742 3140 qui
1774 3089 1870 3124 aon
1891 3076 1989 3126 solo
2024 3075 2150 3126 Vet.
2186 3075 2371 3125 Livin.·
2390 3075 2610 3142 cuspin.

1404 3204 1622 3256 No'rAE

417 3312 426 3335 τ
472 3304 500 3340 8
534 3295 742 3361 Diebus]
775 3296 1027 3346 Solenues
1055 3294 1357 3360 ¹hujusmodi
1396 3297 1474 3346 iu·
1544 3295 1776 3347 inimicos
1796 3295 2004 3346 cecidit.
2071 3295 2273 3345 Iterum
2311 3302 2367 3345 et
2394 3295 2606 3346 tertium

409 3383 617 3434 gressus
652 3373 1035 3436 largitionibus,
1081 3373 1233 3435 ludis,
1269 3379 1474 3437 speeta-
1546 3374 1807 3424 consulem
1832 3373 2058 3436 seipsum
2082 3369 2230 3422 fecit.
2264 3371 2468 3423 Quarto
2484 3385 2608 3422 con·

409 3448 540 3499 culis
561 3448 812 3499 celebrari
834 3451 1018 3501 solitos
1046 3449 1241 3501 nemini
1262 3463 1366 3500 non
1387 3464 1476 3501 no·
1509 3476 1513 3485 ·
1547 3450 1719 3499 sulam
1741 3463 1856 3498 cnm
1881 3449 2073 3499 bellum
2091 3455 2271 3499 contra
2295 3449 2494 3512 Syllam
2519 3463 2607 3511 pa-

415 3529 545 3574 tum.
1547 3533 1707 3583 rat-et.
1731 3526 1962 3577 Ancona
1996 3526 2062 3576 ob
2098 3526 2305 3575 nimiam
2329 3524 2608 3574 erudelita-

421 3630 428 3639 ·
480 3598 506 3634 ¹·
543 3600 697 3651 Ciam
715 3600 955 3665 sui-iosus]
992 3602 1052 3651 1..
1076 3604 1284 3655 cornel.
1306 3603 1477 3654 Cinna
1546 3611 1652 3653 tem
1678 3602 1746 3651 ab
1768 3603 1999 3652 exercitu
2038 3602 2296 3665 lapidatus
2331 3608 2430 3649 est.
2495 3597 2607 3664 Ap·

412 3675 583 3743 primo
618 3678 893 3727 consulatu
927 3678 1096 3741 legem
1135 3679 1202 3729 de
1240 3680 1476 3730 exulibus
1543 3680 1688 3743 pian.
1724 3678 1791 3729 de
1833 3679 1968 3729 Bell.
2003 3678 2155 3729 civil.
2201 3677 2511 3728 Plutarchus
2551 3675 2608 3726 in

412 3753 720 3807 revocandis
738 3752 929 3815 ferens,
948 3753 1252 3805 ab'Oetavio
1275 3756 1478 3819 collega
1547 3755 1734 3806 Mario.
1757 3754 1935 3804 Aul-el.
1959 3755 2165 3805 Victor.

415 3828 705 3894 prohibitus
745 3834 800 3879 et
833 3829 1028 3880 honore
1065 3832 1313 3895 privatus,
1350 3831 1479 3881 urbe
1617 3829 2055 3894 ¹Muriass'ratas]
2090 3831 2144 3880 Is
2168 3836 2287 3896 post
2308 3835 2481 3894 gestos
2504 3843 2608 3880 sex

413 3905 682 3973 profugit:
718 3907 1018 3971 vocatisque
1058 3908 1122 3958 ad
1161 3910 1349 3973 pileum
1371 3924 1478 3959 ser·
1548 3907 1861 3963 consulatus,
1907 3911 2026 3970 post
2063 3905 2370 3970 Jugurtbam
2415 3907 2606 3956 vietum

413 3984 516 4050 vis,
535 3983 906 4049 accersitisque
929 3984 991 4036 C.
1013 3985 1478 4049 Marimcarbone,
1547 3991 1604 4033 et
1625 3990 1747 4033 aute
1768 3989 1974 4031 currum
1997 3990 2189 4042 aetum,
2214 3990 2330 4046 post
2350 3981 2609 4034 Teutonas

415 4061 744 4117 et'Sertorio,
770 4062 951 4110 urbem
976 4069 1199 4124 quatuor
1232 4062 1480 4112 exerciti·
1550 4060 1604 4110 in
1626 4056 1828 4122 Galliis,
1849 4056 2091 4108 Cimbros
2110 4058 2163 4107 in
2187 4057 2346 4108 Italia
2366 4058 2607 4121 domitos,
2656 4094 2659 4097 -

417 4139 512 4191 bus
553 4139 812 4189 obsessam
862 4144 1167 4204 captamque
1221 4140 1481 4203 ingressus
1552 4138 1717 4187 vietus
1740 4150 1769 4184 a
1793 4135 1941 4199 Sylla
1957 4145 2011 4184 et
2035 4136 2085 4184 in
2117 4150 2380 4186 carcerem
2401 4137 2608 4200 conjec-

418 4229 501 4269 au.
537 4214 606 4267 U.
643 4216 706 4269 C.
726 4220 845 4269 607.
876 4215 1152 4268 Octavium
1191 4213 1481 4282 interfecit,
1552 4221 1637 4266 tus
1668 4212 1927 4279 periisset,
1949 4212 2049 4265 nisi
2084 4213 2364 4266 immissum
2399 4228 2609 4280 percus·
