3084 4959
2396 383 2574 452 1169

354 548 459 628 fit,
488 555 563 615 ut
608 545 809 612 vobis
850 550 1115 612 tantum
1153 546 1510 631 imperium
1551 546 1700 613 sine
1723 545 1888 611 'ulla
1927 544 2351 612 aemulatione
2390 566 2575 615 com·

353 646 557 716 mune
585 650 698 726 sit,
719 668 936 732 neque
965 649 1176 714 ullum
1210 648 1373 713 inter
1400 655 1566 714 vos⁸
1598 648 1961 714 discrimen
1987 667 2145 712 esse
2173 649 2572 732 patiamini:

355 752 482 819 sed
527 752 753 835 plane,
785 759 864 814 ut
904 751 1153 832 gemini
1191 751 1292 815 illi
1321 749 1557 834 regesh
1586 750 2119 817 Lacedaemones
2152 750 2578 835 Heraclidae,

353 853 842 937 rempublicam
884 854 1032 935 pari
1071 859 1250 919 sorte
1292 853 1604 919 teneatis.
1691 854 1758 918 5.
1805 853 2219 937 Quanquam
2267 852 2400 919 hoc
2443 871 2574 920 vos

354 956 671 1021 meliores
701 959 768 1019 et
788 953 1137 1037 justiores,
1169 954 1354 1040 quod
1381 956 1541 1021 illos
1572 959 1784 1020 mater
1814 961 1969 1021 astu
2000 955 2249 1038 coegit,
2277 975 2433 1021 cum
2461 975 2578 1022 ne·

354 1058 519 1125 mini
557 1056 880 1120 fateretur
924 1074 1126 1138 quem
1176 1057 1369 1141 prius
1408 1056 1739 1124 edidisset
1775 1057 1845 1120 in
1886 1058 2133 1135 lucem,
2164 1060 2314 1141 pari
2352 1059 2579 1124 aetatis

356 1161 764 1227 auctoritate
788 1178 1062 1240 regnare
1082 1179 1100 1225 t
1148 1180 1275 1226 vos
1296 1162 1424 1226 hoc
1449 1167 1693 1245 sponte
1715 1156 1984 1237 facitis,i
2012 1177 2185 1243 quos
2206 1160 2278 1224 in
2300 1161 2582 1226 summis

355 1263 559 1329 rebus
589 1262 890 1344 aequavit
912 1282 1046 1327 non
1074 1263 1377 1328 vultuum
1411 1258 1833 1347 similitude,j
1866 1263 1982 1326 sed
2013 1281 2291 1327 morum.

445 1364 630 1430 CAP.
677 1378 760 1427 x.
801 1364 869 1428 1.
916 1363 1235 1430 Attamen
1263 1362 1476 1444 illos}
1503 1366 1565 1429 si
1597 1364 1957 1429 discrimen
1988 1362 2138 1427 sui‘
2172 1364 2348 1427 scire
2379 1366 2580 1447 potu-

353 1466 593 1544 issent,
640 1466 859 1529 minus
907 1466 1144 1531 mirum
1193 1466 1458 1544 suisset,
1495 1466 1816 1548 exiguam
1860 1465 1994 1530 sibi
2042 1465 2581 1531 communicasse

350 1569 723 1652 regionem,
753 1587 956 1652 quam
991 1588 1180 1653 saepe
1212 1588 1347 1635 uno
1377 1569 1489 1634 die
1517 1569 1806 1652 impiger
1833 1568 2057 1635 viator
2088 1585 2400 1632 emensus
2432 1576 2577 1634 est:

1052 401 1631 453 rsusevntcus.
1700 402 1783 451 n.
1830 386 1943 452 10.

423 1750 446 1777 θ
479 1745 619 1795 Inter
638 1760 690 1797 se
709 1744 954 1797 divisisse.

1292 1847 1662 1880 Meteon

356 1955 595 2006 Rhensn.
626 1960 894 2015 concordes,
926 1963 976 2010 et
1008 1959 1247 2023 quom—4
1283 1958 1500 2024 Cuspin.
1530 1960 1635 2009 sulla
1660 1957 1888 2023 pote-tia
1906 1956 2223 2009 emulatione.
2286 1955 2423 2006 Edd.
2445 1959 2583 2006 vett.

350 2022 505 2071 ullum
544 2023 661 2072 vitae
701 2039 817 2081 νοις
848 2025 972 2077 vet.
1017 2025 1241 2075 Putenn.
1285 2025 1487 2075 Bertin.
1533 2024 1761 2087 Gueipb.
1791 2025 1922 2074 Exe.
1966 2024 2121 2072 Voss.
2166 2020 2371 2070 Acidal.
2413 2021 2582 2099 Bann-

354 2087 616 2137 Scbwarz.
652 2089 831 2153 Jaeger
877 2097 933 2139 et
972 2096 1195 2139 recentt.
1242 2089 1391 2139 ullum
1443 2092 1577 2140 inter
1621 2104 1716 2139 vos.
1803 2089 1972 2138 Lirin.
2017 2085 2155 2149 conj.
2210 2085 2583 2136 Lacedmss.
2659 2108 2664 2113 ·

353 2155 371 2181 ⁸
399 2151 547 2209 Mox,
575 2159 700 2202 sorte
722 2154 966 2216 ignorant
988 2154 1217 2217 Guelph.
1236 2159 1292 2202 et
1316 2156 1446 2204 Exe.
1467 2156 1621 2204 Voss.
1658 2169 1775 2218 quoe
1796 2153 1863 2205 de
1888 2155 2076 2203 laeuus
2107 2152 2160 2199 in
2192 2150 2311 2199 cod.
2347 2159 2579 2201 monent.

352 2217 517 2266 Forte
539 2216 659 2266 hine
676 2221 900 2282 scripsit,
933 2234 1075 2283 pares
1093 2217 1330 2269 teneatis!
1365 2220 1645 2269 Arum-s
1678 2219 1695 2248 ‘
1721 2220 1853 2268 Exc.
1870 2220 2019 2268 Voss.
2048 2229 2104 2266 so
2122 2215 2243 2276 ecit,
2266 2229 2371 2265 eun
2400 2216 2583 2266 nemini

354 2281 530 2343 co’esstit,
555 2283 734 2332 nemini
754 2285 1038 2345 soterem.-
1068 2283 1354 2347 corrupte-³
1383 2285 1538 2335 Idem.
1601 2283 1792 2347 Delph.
1818 2289 1874 2333 et
1896 2284 1964 2334 si.
1998 2288 2129 2330 vett.
2159 2284 2324 2343 sponte
2339 2281 2584 2341 sedati&

349 2344 563 2396 Bertin.
590 2348 751 2425 Cusp-
785 2348 939 2400 codd.
977 2345 1275 2413 Setinum,
1312 2350 1463 2400 ambo
1501 2349 1643 2400 Gnd.
1678 2349 1809 2398 Exc·
1845 2349 2000 2399 Voss.
2034 2354 2092 2396 et
2121 2345 2252 2394 Exc.
2287 2345 2579 2395 Schonhov.

353 2412 745 2528 ‘pgzgagmi
781 2479 1013 2530 Attamen
1035 2480 1162 2545 illos,
1184 2478 1331 2532 aiam
1351 2479 1396 2529 si
1418 2479 1632 2544 Cuspin.
1652 2477 1824 2529 Paris.
1844 2481 1993 2528 1646.
2027 2476 2197 2527 Bann-
2217 2483 2274 2527 et
2292 2480 2438 2541 seqq.
2483 2473 2582 2524 At·

1348 2641 1579 2696 No'rAE

423 2764 452 2801 τ
484 2756 623 2807 Inter·
652 2755 761 2819 vos]
795 2757 882 2808 Its
916 2772 1098 2809 sensus
1134 2759 1333 2823 exegit,
1366 2766 1427 2809 ut
1511 2756 1613 2806 rati
1638 2762 1777 2813 sunt,
1799 2755 1937 2822 quod
1958 2755 2334 2819 deprehensum
2354 2752 2579 2804 subinde

346 2830 509 2893 juxta
558 2841 767 2884 veteres
820 2835 1027 2885 codices
1080 2836 1426 2891 emendarem.
1508 2833 1598 2897 sit,
1620 2834 1762 2897 prius
1787 2835 1837 2882 in
1863 2833 2030 2883 lucem
2065 2832 2262 2882 editum
2291 2829 2450 2880 fuisse
2473 2829 2579 2880 Eu·

352 2921 452 2972 pro
473 2908 592 2959 vita
618 2926 719 2967 eos,
753 2913 1010 2973 quomodo
1042 2912 1093 2962 in
1129 2914 1425 2977 vulgaribus
1507 2910 1824 2973 rystbenem.
1874 2909 1955 2959 Ex
1977 2909 2075 2959 hac
2099 2907 2293 2957 familis
2314 2910 2400 2956 31.
2423 2920 2577 2970 reges

354 2982 678 3033 editionibus
699 2986 914 3048 legitur.
1507 2986 1756 3047 extitere,
1788 2998 1854 3033 ex
1901 2985 2064 3033 altera
2098 2997 2224 3033 vero
2257 2986 2338 3032 24.
2372 2987 2580 3031 tantum

421 3057 447 3091 ¹¹
487 3060 683 3109 Gemini
714 3064 788 3111 illi
822 3062 981 3125 reges]
1015 3061 1336 3127 Eurystheus
1370 3072 1426 3124 et
1508 3067 1865 3110 numerantur.
1921 3059 2104 3108 videri
2143 3065 2320 3123 potest
2348 3058 2580 3107 Pausan-

353 3135 596 3200 Procles,
614 3138 933 3189 Aristodemi
955 3147 1011 3189 et
1022 3139 1204 3205 Argioe
1223 3137 1314 3189 filii
1338 3154 1426 3205 ge·
1507 3137 1563 3186 in
1587 3136 1780 3186 Lacon.
1802 3151 1850 3185 c.
1871 3139 1921 3184 1.
1943 3140 1994 3185 2.
2016 3139 2067 3185 7.

350 3211 519 3273 melli,
544 3213 842 3265 Heraclidas
868 3217 1016 3278 dicti,
1037 3216 1173 3281 quod
1197 3217 1265 3266 ab
1289 3216 1422 3267 Her·
1596 3213 1808 3263 *Facitis
1842 3207 2095 3278 [faciatis]
2129 3211 2268 3275 Lege
2286 3209 2483 3273 facitis,
2518 3214 2578 3260 ut

354 3290 477 3339 cule
501 3304 666 3353 genus
690 3292 963 3344 ducerent.
999 3292 1070 3342 Hi
1095 3294 1424 3357 Peloponne-
1506 3288 1771 3339 Livineius
1816 3289 1971 3352 juxta
2014 3293 2194 3337 vetera
2249 3286 2576 3350 exemplaria

346 3381 414 3417 so
451 3382 538 3418 nu.
575 3370 754 3420 mundi
785 3375 934 3421 2881.
963 3377 1139 3434 capta,
1170 3372 1420 3436 pulsoque
1505 3365 1769 3415 emendat·
2489 3357 2496 3364 ⁴

350 3443 478 3494 inde
499 3444 778 3496 Tisamene
811 3447 1319 3497 Lacedaemoniorum
1342 3462 1423 3497 re·
1562 3444 1581 3488 1
1605 3446 1719 3495 Non
1739 3446 1955 3494 cultuum
1973 3442 2261 3507 similitudo]
2294 3442 2506 3507 Inspice
2527 3442 2574 3493 si

352 3533 439 3583 ge,
474 3526 533 3570 et
566 3522 814 3574 Penthile
845 3524 1050 3574 Orestis
1085 3523 1210 3585 filio,
1245 3525 1423 3574 stetim

351 3596 423 3645 ab
440 3596 589 3647 obitu
606 3599 791 3661 petris,
803 3602 891 3665 qui
909 3601 960 3648 in
980 3601 1319 3666 expeditione
1335 3601 1428 3651 illa

351 3671 581 3736 interiit,
604 3674 754 3724 ambo
779 3685 1079 3739 regnarunt,
1098 3678 1271 3739 simul,
1286 3677 1424 3743 quod

349 3748 408 3798 in
433 3748 641 3800 incerto
672 3759 813 3802 esset
846 3758 968 3802 uter
999 3753 1165 3803 altero
1199 3752 1341 3817 prior
1371 3752 1425 3802 in

350 3826 527 3875 lucem
551 3827 767 3878 exisset.
832 3828 968 3879 Inde
1001 3844 1158 3893 porro
1193 3828 1311 3879 duae
1345 3843 1425 3878 re·

298 3917 303 3921 ·
350 3916 476 3966 gum
500 3899 714 3952 familiae
736 3902 979 3966 fuerunt3
1020 3904 1423 3970 Eurysthenida-

351 3992 488 4035 rum,
525 3980 615 4042 qui
648 3987 704 4028 et
733 3978 920 4044 Agidae
956 3980 1020 4029 sb
1047 3981 1216 4045 Agide
1256 3982 1424 4046 Eury-

349 4053 554 4105 sthenis
587 4052 699 4103 filio
722 4054 846 4105 dicti
885 4063 1027 4118 sunt,
1061 4063 1118 4106 et
1153 4056 1427 4107 Proclidn·

351 4144 467 4180 rum
506 4131 598 4194 qui
635 4137 695 4180 et
729 4130 1108 4195 Eurypontidae
1149 4132 1216 4182 ab
1256 4133 1423 4196 Eury·

353 4213 516 4270 ponte
540 4206 751 4257 Proclis
774 4217 964 4273 nepote
990 4209 1257 4274 appellati.
1320 4209 1421 4258 Eu-

352 4284 669 4347 rysthenidae
704 4285 870 4348 magis
903 4298 1018 4335 eam
1042 4285 1111 4337 ob
1136 4300 1242 4337 rem
1266 4285 1423 4336 bono-

481 4366 667 4431 Delph.
686 4370 735 4416 et
764 4364 880 4418 Ver.
908 4367 1039 4419 Clas.

1316 4368 1505 4430 Paneg.
1534 4365 1648 4416 Vct.

1504 3521 1654 3573 lubet
1695 3521 1966 3585 utriusque
2002 3521 2279 3585 numisma,
2313 3521 2452 3584 quod
2487 3533 2576 3570 eo·

1507 3610 1621 3649 rum
1647 3599 1770 3649 vitae
1796 3598 2131 3661 praefiximns.

1571 3672 1597 3708 ¹²
1628 3674 1857 3725 Attamen
1877 3673 2009 3738 illos]
2034 3670 2190 3725 Quod
2208 3670 2250 3721 si
2273 3670 2579 3721 Heraclida

1505 3749 1804 3800 discernere
1819 3754 2105 3811 utcumque
2125 3746 2443 3811 potuissent,
2455 3753 2577 3798 uter

1508 3825 1675 3876 altero
1695 3825 1838 3888 prior
1856 3825 1908 3873 iu
1928 3826 2097 3873 lucem
2119 3822 2415 3886 prodiisset,
2431 3823 2574 3874 hand

1507 3901 1661 3952 valde
1679 3900 1869 3951 fuisset
1890 3902 2096 3962 mirum,
2115 3899 2159 3948 si
2183 3898 2446 3964 regionem
2464 3907 2573 3951 tam

1506 3980 1765 4045 exiguam,
1791 3977 1986 4028 fratres
2017 3978 2137 4034 duo,
2162 3978 2329 4042 qualis
2363 3986 2447 4030 est
2479 3993 2572 4028 ex-

1507 4064 1673 4107 trema
1693 4054 2046 4120 Peloponnesi
2079 4069 2219 4119 pars,
2253 4058 2359 4103 tam
2394 4055 2572 4105 unani-

1505 4133 1662 4181 miter
1686 4119 2082 4196 gubernassem]
2148 4127 2224 4179 At
2247 4144 2355 4189 vos,
2379 4130 2467 4194 qui
2492 4139 2573 4180 to-

1506 4215 1616 4257 tum
1658 4214 1918 4257 terrarum
1960 4203 2138 4254 orbein
2184 4203 2390 4255 habetis
2430 4206 2571 4256 inter
2635 4228 2653 4246 ο

1505 4298 1598 4333 vos
1626 4280 1983 4346 dividendum,
2004 4283 2101 4330 διο.
2395 4361 2440 4410 Ε

2323 4365 2355 4409 4
