<?xml version="1.0" encoding="UTF-8"?>
<!DOCTYPE html PUBLIC "-//W3C//DTD XHTML 1.0 Transitional//EN"
    "http://www.w3.org/TR/xhtml1/DTD/xhtml1-transitional.dtd">
<html xmlns="http://www.w3.org/1999/xhtml" xml:lang="en" lang="en">
 <head>
  <title>
</title>
<meta http-equiv="Content-Type" content="text/html;charset=utf-8" />
  <meta name='ocr-system' content='tesseract 3.04.00' />
  <meta name='ocr-capabilities' content='ocr_page ocr_carea ocr_par ocr_line ocrx_word'/>
</head>
<body>
  <div class='ocr_page' id='page_1' title='image "./panegyriciveter05baungoog_0234.png"; bbox 0 0 3084 4959; ppageno 0'>
   <div class='ocr_carea' id='block_1_1' title="bbox 493 342 1691 410">
    <p class='ocr_par' dir='ltr' id='par_1_1' title="bbox 493 342 1691 410">
     <span class='ocr_line' id='line_1_1' title="bbox 493 342 1691 410; baseline 0.003 -4"><span class='ocrx_word' id='word_1_1' title='bbox 493 342 669 410; x_wconf 79' lang='lat'><strong>1306</strong></span> <span class='ocrx_word' id='word_1_2' title='bbox 1507 360 1691 410; x_wconf 58' lang='lat' dir='ltr'><strong>vrrs</strong></span> 
     </span>
    </p>
   </div>
   <div class='ocr_carea' id='block_1_2' title="bbox 482 501 2689 1515">
    <p class='ocr_par' dir='ltr' id='par_1_2' title="bbox 482 501 2689 1515">
     <span class='ocr_line' id='line_1_2' title="bbox 489 501 2685 591; baseline 0.004 -21"><span class='ocrx_word' id='word_1_3' title='bbox 489 505 671 590; x_wconf 90' lang='lat' dir='ltr'><strong>quod</strong></span> <span class='ocrx_word' id='word_1_4' title='bbox 701 505 784 571; x_wconf 91' lang='lat' dir='ltr'><strong>de</strong></span> <span class='ocrx_word' id='word_1_5' title='bbox 814 505 1029 571; x_wconf 90' lang='lat' dir='ltr'><strong>natali</strong></span> <span class='ocrx_word' id='word_1_6' title='bbox 1058 510 1211 571; x_wconf 85' lang='lat' dir='ltr'><strong>ortu</strong></span> <span class='ocrx_word' id='word_1_7' title='bbox 1253 501 1756 587; x_wconf 85' lang='lat' dir='ltr'><strong>intelligendum</strong></span> <span class='ocrx_word' id='word_1_8' title='bbox 1786 503 2001 590; x_wconf 89' lang='lat' dir='ltr'><strong>liquet</strong></span> <span class='ocrx_word' id='word_1_9' title='bbox 2039 524 2128 569; x_wconf 83' lang='lat' dir='ltr'><strong>ex</strong></span> <span class='ocrx_word' id='word_1_10' title='bbox 2163 505 2422 591; x_wconf 84' lang='lat' dir='ltr'><strong>Paneg.</strong></span> <span class='ocrx_word' id='word_1_11' title='bbox 2455 523 2588 573; x_wconf 88' lang='lat' dir='ltr'><strong>vu.</strong></span> <span class='ocrx_word' id='word_1_12' title='bbox 2616 510 2685 578; x_wconf 83' lang='lat'><strong>9.</strong></span> 
     </span>
     <span class='ocr_line' id='line_1_3' title="bbox 485 605 2689 694; baseline 0.003 -23"><span class='ocrx_word' id='word_1_13' title='bbox 485 608 605 672; x_wconf 85' lang='lat' dir='ltr'><strong>ubi</strong></span> <span class='ocrx_word' id='word_1_14' title='bbox 634 615 997 693; x_wconf 79' lang='lat' dir='ltr'><strong>postquam</strong></span> <span class='ocrx_word' id='word_1_15' title='bbox 1042 613 1268 672; x_wconf 90' lang='lat' dir='ltr'><strong>orator</strong></span> <span class='ocrx_word' id='word_1_16' title='bbox 1313 607 1400 671; x_wconf 87' lang='lat' dir='ltr'><strong>de</strong></span> <span class='ocrx_word' id='word_1_17' title='bbox 1449 605 1879 672; x_wconf 85' lang='lat' dir='ltr'><strong>Constantini</strong></span> <span class='ocrx_word' id='word_1_18' title='bbox 1919 625 2047 672; x_wconf 87' lang='lat' dir='ltr'><strong>avo</strong></span> <span class='ocrx_word' id='word_1_19' title='bbox 2091 616 2163 673; x_wconf 87' lang='lat' dir='ltr'><strong>et</strong></span> <span class='ocrx_word' id='word_1_20' title='bbox 2208 617 2482 693; x_wconf 87' lang='lat' dir='ltr'><strong>parente</strong></span> <span class='ocrx_word' id='word_1_21' title='bbox 2513 614 2689 694; x_wconf 83' lang='lat' dir='ltr'><strong>egis-</strong></span> 
     </span>
     <span class='ocr_line' id='line_1_4' title="bbox 486 706 2686 800; baseline 0.003 -26"><span class='ocrx_word' id='word_1_22' title='bbox 486 716 627 776; x_wconf 81' lang='lat' dir='ltr'><strong>set:</strong></span> <span class='ocrx_word' id='word_1_23' title='bbox 673 729 825 775; x_wconf 90' lang='lat' dir='ltr'><strong>cum</strong></span> <span class='ocrx_word' id='word_1_24' title='bbox 855 709 1020 776; x_wconf 90' lang='lat' dir='ltr'><strong>ordo</strong></span> <span class='ocrx_word' id='word_1_25' title='bbox 1050 728 1262 774; x_wconf 89' lang='lat' dir='ltr'><strong>rerum</strong></span> <span class='ocrx_word' id='word_1_26' title='bbox 1293 714 1360 774; x_wconf 89' lang='lat' dir='ltr'><strong>et</strong></span> <span class='ocrx_word' id='word_1_27' title='bbox 1390 706 1596 773; x_wconf 83' lang='lat' dir='ltr'><strong>series</strong></span> <span class='ocrx_word' id='word_1_28' title='bbox 1623 708 2033 792; x_wconf 81' lang='lat' dir='ltr'><strong>postularet,</strong></span> <span class='ocrx_word' id='word_1_29' title='bbox 2064 716 2141 775; x_wconf 90' lang='lat' dir='ltr'><strong>ut</strong></span> <span class='ocrx_word' id='word_1_30' title='bbox 2169 709 2251 776; x_wconf 89' lang='lat' dir='ltr'><strong>de</strong></span> <span class='ocrx_word' id='word_1_31' title='bbox 2282 713 2436 797; x_wconf 89' lang='lat' dir='ltr'><strong>ejus</strong></span> <span class='ocrx_word' id='word_1_32' title='bbox 2467 717 2686 800; x_wconf 91' lang='lat' dir='ltr'><strong>patria</strong></span> 
     </span>
     <span class='ocr_line' id='line_1_5' title="bbox 487 808 2687 895; baseline 0.003 -17"><span class='ocrx_word' id='word_1_33' title='bbox 487 812 761 891; x_wconf 89' lang='lat' dir='ltr'><strong>diceret,</strong></span> <span class='ocrx_word' id='word_1_34' title='bbox 790 818 809 851; x_wconf 91' lang='lat'>‘</span> <span class='ocrx_word' id='word_1_35' title='bbox 839 812 901 877; x_wconf 89' lang='grc' dir='ltr'>Ο</span> <span class='ocrx_word' id='word_1_36' title='bbox 950 808 1340 889; x_wconf 82' lang='lat' dir='ltr'><strong>fortunata,’</strong></span> <span class='ocrx_word' id='word_1_37' title='bbox 1385 810 1633 895; x_wconf 87' lang='lat' dir='ltr'><strong>inquit,</strong></span> <span class='ocrx_word' id='word_1_38' title='bbox 1682 814 1704 846; x_wconf 91' lang='lat'>‘</span> <span class='ocrx_word' id='word_1_39' title='bbox 1734 817 1802 877; x_wconf 88' lang='lat' dir='ltr'><strong>et</strong></span> <span class='ocrx_word' id='word_1_40' title='bbox 1844 831 2020 879; x_wconf 89' lang='lat' dir='ltr'><strong>nunc</strong></span> <span class='ocrx_word' id='word_1_41' title='bbox 2064 815 2374 880; x_wconf 88' lang='lat' dir='ltr'><strong>omnibus</strong></span> <span class='ocrx_word' id='word_1_42' title='bbox 2420 818 2687 883; x_wconf 85' lang='lat' dir='ltr'><strong>beatior</strong></span> 
     </span>
     <span class='ocr_line' id='line_1_6' title="bbox 483 913 2684 1004; baseline 0.001 -21"><span class='ocrx_word' id='word_1_43' title='bbox 483 917 672 984; x_wconf 86' lang='lat' dir='ltr'><strong>terris</strong></span> <span class='ocrx_word' id='word_1_44' title='bbox 726 916 1093 995; x_wconf 79' lang='lat' dir='ltr'>Britannia,</span> <span class='ocrx_word' id='word_1_45' title='bbox 1142 935 1297 1001; x_wconf 81' lang='lat' dir='ltr'><strong>quae</strong></span> <span class='ocrx_word' id='word_1_46' title='bbox 1356 913 1869 981; x_wconf 89' lang='lat' dir='ltr'><strong>Constantinum</strong></span> <span class='ocrx_word' id='word_1_47' title='bbox 1922 914 2262 983; x_wconf 81' lang='lat' dir='ltr'><strong>Caesarem</strong></span> <span class='ocrx_word' id='word_1_48' title='bbox 2308 919 2526 1004; x_wconf 92' lang='lat' dir='ltr'><strong>prima</strong></span> <span class='ocrx_word' id='word_1_49' title='bbox 2584 922 2684 988; x_wconf 84' lang='lat' dir='ltr'><strong>vi-</strong></span> 
     </span>
     <span class='ocr_line' id='line_1_7' title="bbox 486 1016 2676 1107; baseline 0.002 -24"><span class='ocrx_word' id='word_1_50' title='bbox 486 1019 645 1085; x_wconf 84' lang='lat' dir='ltr'><strong>disti</strong></span> <span class='ocrx_word' id='word_1_51' title='bbox 666 1016 706 1082; x_wconf 68' lang='grc' dir='ltr'><strong>ξ’</strong></span> <span class='ocrx_word' id='word_1_52' title='bbox 747 1018 840 1085; x_wconf 90' lang='lat' dir='ltr'><strong>Et</strong></span> <span class='ocrx_word' id='word_1_53' title='bbox 865 1038 1070 1084; x_wconf 80' lang='lat' dir='ltr'><strong>mox:</strong></span> <span class='ocrx_word' id='word_1_54' title='bbox 1116 1023 1137 1054; x_wconf 90' lang='lat'>‘</span> <span class='ocrx_word' id='word_1_55' title='bbox 1169 1019 1291 1085; x_wconf 90' lang='lat' dir='ltr'><strong>Dii</strong></span> <span class='ocrx_word' id='word_1_56' title='bbox 1314 1018 1516 1084; x_wconf 89' lang='lat' dir='ltr'><strong>boni!</strong></span> <span class='ocrx_word' id='word_1_57' title='bbox 1565 1018 1725 1102; x_wconf 89' lang='lat' dir='ltr'><strong>quid</strong></span> <span class='ocrx_word' id='word_1_58' title='bbox 1753 1020 1881 1086; x_wconf 92' lang='lat' dir='ltr'><strong>hoc</strong></span> <span class='ocrx_word' id='word_1_59' title='bbox 1910 1026 2041 1099; x_wconf 89' lang='lat' dir='ltr'><strong>est,</strong></span> <span class='ocrx_word' id='word_1_60' title='bbox 2073 1020 2256 1105; x_wconf 91' lang='lat' dir='ltr'><strong>quod</strong></span> <span class='ocrx_word' id='word_1_61' title='bbox 2297 1041 2561 1107; x_wconf 83' lang='lat' dir='ltr'><strong>semper</strong></span> <span class='ocrx_word' id='word_1_62' title='bbox 2590 1044 2676 1090; x_wconf 83' lang='lat' dir='ltr'><strong>ex</strong></span> 
     </span>
     <span class='ocr_line' id='line_1_8' title="bbox 485 1122 2679 1207; baseline 0.002 -20"><span class='ocrx_word' id='word_1_63' title='bbox 485 1122 715 1207; x_wconf 90' lang='lat' dir='ltr'><strong>aliquo</strong></span> <span class='ocrx_word' id='word_1_64' title='bbox 758 1141 1075 1206; x_wconf 86' lang='lat' dir='ltr'><strong>supremo</strong></span> <span class='ocrx_word' id='word_1_65' title='bbox 1104 1122 1232 1188; x_wconf 91' lang='lat' dir='ltr'><strong>fine</strong></span> <span class='ocrx_word' id='word_1_66' title='bbox 1276 1122 1507 1192; x_wconf 87' lang='lat' dir='ltr'><strong>mundi</strong></span> <span class='ocrx_word' id='word_1_67' title='bbox 1549 1142 1729 1188; x_wconf 86' lang='lat' dir='ltr'><strong>nova</strong></span> <span class='ocrx_word' id='word_1_68' title='bbox 1779 1122 2002 1189; x_wconf 90' lang='lat' dir='ltr'><strong>Deum</strong></span> <span class='ocrx_word' id='word_1_69' title='bbox 2047 1124 2313 1189; x_wconf 88' lang='lat' dir='ltr'><strong>numina</strong></span> <span class='ocrx_word' id='word_1_70' title='bbox 2364 1126 2679 1193; x_wconf 84' lang='lat' dir='ltr'><strong>universo</strong></span> 
     </span>
     <span class='ocr_line' id='line_1_9' title="bbox 484 1224 2679 1296; baseline 0.002 -6"><span class='ocrx_word' id='word_1_71' title='bbox 484 1226 630 1290; x_wconf 89' lang='lat' dir='ltr'><strong>orbi</strong></span> <span class='ocrx_word' id='word_1_72' title='bbox 686 1224 975 1290; x_wconf 91' lang='lat' dir='ltr'><strong>colenda</strong></span> <span class='ocrx_word' id='word_1_73' title='bbox 1026 1224 1447 1291; x_wconf 89' lang='lat' dir='ltr'><strong>descendunt</strong></span> <span class='ocrx_word' id='word_1_74' title='bbox 1470 1226 1501 1289; x_wconf 77' lang='lat' dir='ltr'><strong>&#39;l</strong></span> <span class='ocrx_word' id='word_1_75' title='bbox 1572 1226 1689 1291; x_wconf 88' lang='lat' dir='ltr'><strong>Sic</strong></span> <span class='ocrx_word' id='word_1_76' title='bbox 1725 1225 2108 1293; x_wconf 87' lang='lat' dir='ltr'><strong>Mercurius</strong></span> <span class='ocrx_word' id='word_1_77' title='bbox 2166 1246 2210 1292; x_wconf 91' lang='lat' dir='ltr'><strong>a</strong></span> <span class='ocrx_word' id='word_1_78' title='bbox 2267 1226 2428 1296; x_wconf 89' lang='lat' dir='ltr'><strong>Nilo</strong></span> <span class='ocrx_word' id='word_1_79' title='bbox 2450 1273 2467 1291; x_wconf 97' lang='lat'><strong>.</strong></span> <span class='ocrx_word' id='word_1_80' title='bbox 2493 1276 2511 1295; x_wconf 97' lang='lat'><strong>.</strong></span> <span class='ocrx_word' id='word_1_81' title='bbox 2535 1276 2552 1293; x_wconf 92' lang='lat'><strong>.</strong></span> <span class='ocrx_word' id='word_1_82' title='bbox 2577 1230 2679 1294; x_wconf 89' lang='lat' dir='ltr'><strong>sic</strong></span> 
     </span>
     <span class='ocr_line' id='line_1_10' title="bbox 484 1325 2676 1418; baseline 0.002 -26"><span class='ocrx_word' id='word_1_83' title='bbox 484 1327 693 1393; x_wconf 87' lang='lat' dir='ltr'><strong>Liber</strong></span> <span class='ocrx_word' id='word_1_84' title='bbox 740 1329 827 1396; x_wconf 91' lang='lat' dir='ltr'><strong>ab</strong></span> <span class='ocrx_word' id='word_1_85' title='bbox 872 1325 1114 1407; x_wconf 67' lang='lat' dir='ltr'><strong>Indis:</strong></span> <span class='ocrx_word' id='word_1_86' title='bbox 1158 1330 1281 1394; x_wconf 71' lang='lat' dir='ltr'><strong>etc.</strong></span> <span class='ocrx_word' id='word_1_87' title='bbox 1368 1325 1588 1412; x_wconf 84' lang='lat' dir='ltr'><strong>Atqui</strong></span> <span class='ocrx_word' id='word_1_88' title='bbox 1616 1328 1701 1395; x_wconf 91' lang='lat' dir='ltr'><strong>de</strong></span> <span class='ocrx_word' id='word_1_89' title='bbox 1732 1329 2085 1418; x_wconf 84' lang='lat' dir='ltr'><strong>utriusque</strong></span> <span class='ocrx_word' id='word_1_90' title='bbox 2118 1329 2250 1396; x_wconf 89' lang='lat' dir='ltr'><strong>Dei</strong></span> <span class='ocrx_word' id='word_1_91' title='bbox 2280 1332 2490 1398; x_wconf 86' lang='lat' dir='ltr'><strong>natali</strong></span> <span class='ocrx_word' id='word_1_92' title='bbox 2530 1337 2676 1397; x_wconf 91' lang='lat' dir='ltr'><strong>ortu</strong></span> 
     </span>
     <span class='ocr_line' id='line_1_11' title="bbox 482 1429 860 1515; baseline -0.003 -22"><span class='ocrx_word' id='word_1_93' title='bbox 482 1429 592 1495; x_wconf 89' lang='lat' dir='ltr'><strong>hic</strong></span> <span class='ocrx_word' id='word_1_94' title='bbox 621 1429 860 1515; x_wconf 83' lang='lat' dir='ltr'><strong>agitur.</strong></span> 
     </span>
    </p>
   </div>
   <div class='ocr_carea' id='block_1_3' title="bbox 587 1616 2559 1823">
    <p class='ocr_par' dir='ltr' id='par_1_3' title="bbox 587 1616 2559 1823">
     <span class='ocr_line' id='line_1_12' title="bbox 587 1616 2559 1721; baseline 0.004 -23"><span class='ocrx_word' id='word_1_95' title='bbox 587 1631 677 1699; x_wconf 89' lang='lat' dir='ltr'><strong>A.</strong></span> <span class='ocrx_word' id='word_1_96' title='bbox 707 1631 797 1697; x_wconf 88' lang='lat' dir='ltr'><strong>U.</strong></span> <span class='ocrx_word' id='word_1_97' title='bbox 828 1630 908 1697; x_wconf 91' lang='lat' dir='ltr'><strong>C.</strong></span> <span class='ocrx_word' id='word_1_98' title='bbox 940 1648 1216 1698; x_wconf 75' lang='lat' dir='ltr'><strong>uxntv.</strong></span> <span class='ocrx_word' id='word_1_99' title='bbox 1261 1616 1513 1700; x_wconf 79' lang='lat' dir='ltr'><strong>Christi</strong></span> <span class='ocrx_word' id='word_1_100' title='bbox 1543 1650 1799 1703; x_wconf 83' lang='lat' dir='ltr'><strong>ccxcr.</strong></span> <span class='ocrx_word' id='word_1_101' title='bbox 1847 1636 2150 1702; x_wconf 86' lang='lat' dir='ltr'><strong>Dioclet.</strong></span> <span class='ocrx_word' id='word_1_102' title='bbox 2178 1636 2357 1721; x_wconf 87' lang='lat' dir='ltr'><strong>Imp.</strong></span> <span class='ocrx_word' id='word_1_103' title='bbox 2391 1653 2559 1705; x_wconf 83' lang='lat' dir='ltr'><strong>vm.</strong></span> 
     </span>
     <span class='ocr_line' id='line_1_13' title="bbox 765 1731 2382 1823; baseline 0.001 -23"><span class='ocrx_word' id='word_1_104' title='bbox 765 1735 1049 1802; x_wconf 83' lang='lat' dir='ltr'><strong>Maxim.</strong></span> <span class='ocrx_word' id='word_1_105' title='bbox 1083 1731 1261 1823; x_wconf 86' lang='lat' dir='ltr'><strong>Imp.</strong></span> <span class='ocrx_word' id='word_1_106' title='bbox 1300 1755 1435 1802; x_wconf 84' lang='lat' dir='ltr'><strong>vu.</strong></span> <span class='ocrx_word' id='word_1_107' title='bbox 1488 1736 1922 1803; x_wconf 78' lang='lat' dir='ltr'><strong>Constantini</strong></span> <span class='ocrx_word' id='word_1_108' title='bbox 1951 1739 2168 1806; x_wconf 85' lang='lat' dir='ltr'><strong>AEtat.</strong></span> <span class='ocrx_word' id='word_1_109' title='bbox 2204 1755 2382 1818; x_wconf 59' lang='lat' dir='ltr'><strong>xtx„</strong></span> 
     </span>
    </p>
   </div>
   <div class='ocr_carea' id='block_1_4' title="bbox 480 1852 2682 2354">
    <p class='ocr_par' dir='ltr' id='par_1_4' title="bbox 480 1852 2682 2354">
     <span class='ocr_line' id='line_1_14' title="bbox 566 1852 2672 1943; baseline 0.003 -24"><span class='ocrx_word' id='word_1_110' title='bbox 566 1852 1044 1922; x_wconf 83' lang='lat' dir='ltr'><strong>Constantinus</strong></span> <span class='ocrx_word' id='word_1_111' title='bbox 1075 1876 1118 1923; x_wconf 98' lang='lat' dir='ltr'><strong>a</strong></span> <span class='ocrx_word' id='word_1_112' title='bbox 1145 1866 1338 1943; x_wconf 89' lang='lat' dir='ltr'><strong>patre</strong></span> <span class='ocrx_word' id='word_1_113' title='bbox 1369 1855 1767 1926; x_wconf 88' lang='lat' dir='ltr'><strong>Constantio</strong></span> <span class='ocrx_word' id='word_1_114' title='bbox 1801 1856 2079 1924; x_wconf 81' lang='lat' dir='ltr'><strong>Caesare</strong></span> <span class='ocrx_word' id='word_1_115' title='bbox 2123 1859 2194 1923; x_wconf 91' lang='lat' dir='ltr'><strong>in</strong></span> <span class='ocrx_word' id='word_1_116' title='bbox 2225 1858 2490 1925; x_wconf 80' lang='lat' dir='ltr'><strong>Gallias</strong></span> <span class='ocrx_word' id='word_1_117' title='bbox 2520 1878 2672 1943; x_wconf 89' lang='lat' dir='ltr'><strong>pro-</strong></span> 
     </span>
     <span class='ocr_line' id='line_1_15' title="bbox 481 1956 2676 2047; baseline 0.002 -25"><span class='ocrx_word' id='word_1_118' title='bbox 481 1956 1031 2036; x_wconf 83' lang='lat' dir='ltr'><strong>ficiscente,·sive</strong></span> <span class='ocrx_word' id='word_1_119' title='bbox 1059 1966 1134 2026; x_wconf 88' lang='lat' dir='ltr'><strong>ut</strong></span> <span class='ocrx_word' id='word_1_120' title='bbox 1168 1980 1312 2026; x_wconf 79' lang='lat' dir='ltr'><strong>suae</strong></span> <span class='ocrx_word' id='word_1_121' title='bbox 1342 1960 1499 2028; x_wconf 85' lang='lat' dir='ltr'><strong>fidei</strong></span> <span class='ocrx_word' id='word_1_122' title='bbox 1524 1960 1762 2039; x_wconf 81' lang='lat' dir='ltr'><strong>obses,</strong></span> <span class='ocrx_word' id='word_1_123' title='bbox 1802 1961 1948 2026; x_wconf 82' lang='lat' dir='ltr'><strong>sive</strong></span> <span class='ocrx_word' id='word_1_124' title='bbox 1976 1966 2050 2027; x_wconf 88' lang='lat' dir='ltr'><strong>ut</strong></span> <span class='ocrx_word' id='word_1_125' title='bbox 2074 1962 2247 2045; x_wconf 84' lang='lat' dir='ltr'><strong>grati</strong></span> <span class='ocrx_word' id='word_1_126' title='bbox 2277 1962 2676 2047; x_wconf 83' lang='lat' dir='ltr'><strong>erga-impe-</strong></span> 
     </span>
     <span class='ocr_line' id='line_1_16' title="bbox 480 2061 2676 2147; baseline 0.002 -23"><span class='ocrx_word' id='word_1_127' title='bbox 480 2066 765 2127; x_wconf 88' lang='lat' dir='ltr'><strong>ratorem</strong></span> <span class='ocrx_word' id='word_1_128' title='bbox 791 2061 997 2127; x_wconf 90' lang='lat' dir='ltr'><strong>animi</strong></span> <span class='ocrx_word' id='word_1_129' title='bbox 1041 2062 1147 2128; x_wconf 89' lang='lat' dir='ltr'><strong>sni</strong></span> <span class='ocrx_word' id='word_1_130' title='bbox 1191 2065 1459 2147; x_wconf 87' lang='lat' dir='ltr'><strong>pignus,</strong></span> <span class='ocrx_word' id='word_1_131' title='bbox 1492 2064 1637 2129; x_wconf 83' lang='lat' dir='ltr'><strong>sive</strong></span> <span class='ocrx_word' id='word_1_132' title='bbox 1678 2074 1759 2127; x_wconf 90' lang='lat' dir='ltr'><strong>ut</strong></span> <span class='ocrx_word' id='word_1_133' title='bbox 1789 2062 1877 2128; x_wconf 92' lang='lat' dir='ltr'><strong>ad</strong></span> <span class='ocrx_word' id='word_1_134' title='bbox 1919 2062 2302 2147; x_wconf 88' lang='lat' dir='ltr'><strong>imperandi</strong></span> <span class='ocrx_word' id='word_1_135' title='bbox 2336 2072 2549 2130; x_wconf 87' lang='lat' dir='ltr'><strong>artem</strong></span> <span class='ocrx_word' id='word_1_136' title='bbox 2578 2064 2676 2128; x_wconf 90' lang='lat' dir='ltr'><strong>in-</strong></span> 
     </span>
     <span class='ocr_line' id='line_1_17' title="bbox 483 2162 2682 2254; baseline 0.001 -25"><span class='ocrx_word' id='word_1_137' title='bbox 483 2162 889 2244; x_wconf 84' lang='lat' dir='ltr'><strong>stitueretur,</strong></span> <span class='ocrx_word' id='word_1_138' title='bbox 941 2165 1012 2230; x_wconf 92' lang='lat' dir='ltr'><strong>in</strong></span> <span class='ocrx_word' id='word_1_139' title='bbox 1042 2164 1454 2254; x_wconf 84' lang='lat' dir='ltr'><strong>Diocletiani</strong></span> <span class='ocrx_word' id='word_1_140' title='bbox 1485 2165 1645 2231; x_wconf 90' lang='lat' dir='ltr'><strong>aula</strong></span> <span class='ocrx_word' id='word_1_141' title='bbox 1685 2164 2085 2249; x_wconf 85' lang='lat' dir='ltr'><strong>relinquitur</strong></span> <span class='ocrx_word' id='word_1_142' title='bbox 2134 2165 2581 2246; x_wconf 81' lang='lat' dir='ltr'><strong>Nicomediae,</strong></span> <span class='ocrx_word' id='word_1_143' title='bbox 2610 2172 2682 2233; x_wconf 90' lang='lat' dir='ltr'><strong>ut</strong></span> 
     </span>
     <span class='ocr_line' id='line_1_18' title="bbox 482 2261 2452 2354; baseline 0 -23"><span class='ocrx_word' id='word_1_144' title='bbox 482 2265 578 2332; x_wconf 90' lang='lat' dir='ltr'><strong>ait</strong></span> <span class='ocrx_word' id='word_1_145' title='bbox 603 2266 1032 2353; x_wconf 80' lang='lat' dir='ltr'><strong>Praxagoras</strong></span> <span class='ocrx_word' id='word_1_146' title='bbox 1062 2267 1248 2354; x_wconf 91' lang='lat' dir='ltr'><strong>apud</strong></span> <span class='ocrx_word' id='word_1_147' title='bbox 1279 2266 1621 2334; x_wconf 90' lang='lat' dir='ltr'><strong>Photium.</strong></span> <span class='ocrx_word' id='word_1_148' title='bbox 2448 2261 2452 2266; x_wconf 79' lang='grc'><strong>’</strong></span> 
     </span>
    </p>
   </div>
   <div class='ocr_carea' id='block_1_5' title="bbox 567 2458 2585 2653">
    <p class='ocr_par' dir='ltr' id='par_1_5' title="bbox 567 2458 2585 2653">
     <span class='ocr_line' id='line_1_19' title="bbox 567 2458 2585 2549; baseline 0.001 -24"><span class='ocrx_word' id='word_1_149' title='bbox 567 2458 655 2526; x_wconf 88' lang='lat' dir='ltr'><strong>A.</strong></span> <span class='ocrx_word' id='word_1_150' title='bbox 676 2460 768 2529; x_wconf 90' lang='lat' dir='ltr'><strong>U.</strong></span> <span class='ocrx_word' id='word_1_151' title='bbox 789 2462 867 2529; x_wconf 92' lang='lat' dir='ltr'><strong>C.</strong></span> <span class='ocrx_word' id='word_1_152' title='bbox 892 2480 1202 2530; x_wconf 76' lang='lat' dir='ltr'><strong>Mxnvn.</strong></span> <span class='ocrx_word' id='word_1_153' title='bbox 1277 2463 1529 2531; x_wconf 87' lang='lat' dir='ltr'><strong>Christi</strong></span> <span class='ocrx_word' id='word_1_154' title='bbox 1564 2479 1867 2529; x_wconf 66' lang='lat' dir='ltr'><strong>nexem.</strong></span> <span class='ocrx_word' id='word_1_155' title='bbox 1943 2463 2236 2530; x_wconf 89' lang='lat' dir='ltr'><strong>Dioclet.</strong></span> <span class='ocrx_word' id='word_1_156' title='bbox 2267 2461 2440 2549; x_wconf 87' lang='lat' dir='ltr'><strong>Imp.</strong></span> <span class='ocrx_word' id='word_1_157' title='bbox 2472 2477 2585 2528; x_wconf 83' lang='lat' dir='ltr'><strong>xr.</strong></span> 
     </span>
     <span class='ocr_line' id='line_1_20' title="bbox 823 2564 2328 2653; baseline -0.001 -23"><span class='ocrx_word' id='word_1_158' title='bbox 823 2564 1112 2633; x_wconf 83' lang='lat' dir='ltr'><strong>Maxim.</strong></span> <span class='ocrx_word' id='word_1_159' title='bbox 1144 2567 1324 2653; x_wconf 90' lang='lat' dir='ltr'><strong>Imp.</strong></span> <span class='ocrx_word' id='word_1_160' title='bbox 1356 2584 1441 2633; x_wconf 84' lang='lat' dir='ltr'><strong>x.</strong></span> <span class='ocrx_word' id='word_1_161' title='bbox 1496 2565 1849 2636; x_wconf 86' lang='lat' dir='ltr'><strong>Constant.</strong></span> <span class='ocrx_word' id='word_1_162' title='bbox 1876 2566 2090 2631; x_wconf 89' lang='lat' dir='ltr'><strong>AEtat.</strong></span> <span class='ocrx_word' id='word_1_163' title='bbox 2124 2582 2328 2631; x_wconf 71' lang='lat' dir='ltr'><strong>xxti.</strong></span> 
     </span>
    </p>
   </div>
   <div class='ocr_carea' id='block_1_6' title="bbox 461 2677 2676 4322">
    <p class='ocr_par' dir='ltr' id='par_1_6' title="bbox 461 2677 2676 4322">
     <span class='ocr_line' id='line_1_21' title="bbox 567 2677 2674 2754; baseline 0 -7"><span class='ocrx_word' id='word_1_164' title='bbox 567 2680 739 2748; x_wconf 91' lang='lat' dir='ltr'><strong>Cum</strong></span> <span class='ocrx_word' id='word_1_165' title='bbox 772 2683 1256 2754; x_wconf 84' lang='lat' dir='ltr'><strong>Constantinus</strong></span> <span class='ocrx_word' id='word_1_166' title='bbox 1283 2687 1505 2754; x_wconf 86' lang='lat' dir='ltr'><strong>adhuc</strong></span> <span class='ocrx_word' id='word_1_167' title='bbox 1537 2677 1937 2753; x_wconf 84' lang='lat' dir='ltr'><strong>adolescens</strong></span> <span class='ocrx_word' id='word_1_168' title='bbox 1978 2686 2330 2753; x_wconf 83' lang='lat' dir='ltr'><strong>Galerium</strong></span> <span class='ocrx_word' id='word_1_169' title='bbox 2357 2685 2674 2751; x_wconf 87' lang='lat' dir='ltr'><strong>adversus</strong></span> 
     </span>
     <span class='ocr_line' id='line_1_22' title="bbox 480 2784 2676 2867; baseline 0.001 -18"><span class='ocrx_word' id='word_1_170' title='bbox 480 2784 820 2854; x_wconf 88' lang='lat' dir='ltr'><strong>Sarmatas</strong></span> <span class='ocrx_word' id='word_1_171' title='bbox 850 2808 1002 2855; x_wconf 83' lang='lat' dir='ltr'><strong>eum</strong></span> <span class='ocrx_word' id='word_1_172' title='bbox 1028 2792 1331 2856; x_wconf 81' lang='lat' dir='ltr'><strong>exercitu</strong></span> <span class='ocrx_word' id='word_1_173' title='bbox 1358 2792 1648 2856; x_wconf 88' lang='lat' dir='ltr'><strong>missum</strong></span> <span class='ocrx_word' id='word_1_174' title='bbox 1687 2796 1957 2855; x_wconf 85' lang='lat' dir='ltr'><strong>secutus</strong></span> <span class='ocrx_word' id='word_1_175' title='bbox 1998 2795 2207 2867; x_wconf 89' lang='lat' dir='ltr'><strong>esset,</strong></span> <span class='ocrx_word' id='word_1_176' title='bbox 2254 2796 2389 2853; x_wconf 89' lang='lat' dir='ltr'><strong>tam</strong></span> <span class='ocrx_word' id='word_1_177' title='bbox 2419 2787 2676 2853; x_wconf 81' lang='lat' dir='ltr'><strong>eximia</strong></span> 
     </span>
     <span class='ocr_line' id='line_1_23' title="bbox 478 2888 2676 2977; baseline 0.002 -24"><span class='ocrx_word' id='word_1_178' title='bbox 478 2888 739 2955; x_wconf 85' lang='lat' dir='ltr'><strong>virtutis</strong></span> <span class='ocrx_word' id='word_1_179' title='bbox 771 2910 915 2957; x_wconf 76' lang='lat' dir='ltr'><strong>suae</strong></span> <span class='ocrx_word' id='word_1_180' title='bbox 944 2892 1014 2958; x_wconf 92' lang='lat' dir='ltr'><strong>in</strong></span> <span class='ocrx_word' id='word_1_181' title='bbox 1043 2913 1129 2959; x_wconf 88' lang='lat' dir='ltr'><strong>eo</strong></span> <span class='ocrx_word' id='word_1_182' title='bbox 1158 2893 1343 2959; x_wconf 91' lang='lat' dir='ltr'><strong>bello</strong></span> <span class='ocrx_word' id='word_1_183' title='bbox 1381 2892 1595 2959; x_wconf 89' lang='lat' dir='ltr'><strong>edidit</strong></span> <span class='ocrx_word' id='word_1_184' title='bbox 1634 2892 2026 2977; x_wconf 87' lang='lat' dir='ltr'><strong>specimina,</strong></span> <span class='ocrx_word' id='word_1_185' title='bbox 2056 2898 2132 2957; x_wconf 90' lang='lat' dir='ltr'><strong>ut</strong></span> <span class='ocrx_word' id='word_1_186' title='bbox 2176 2891 2489 2968; x_wconf 82' lang='lat' dir='ltr'><strong>Galerius</strong></span> <span class='ocrx_word' id='word_1_187' title='bbox 2533 2897 2676 2957; x_wconf 86' lang='lat' dir='ltr'><strong>tam</strong></span> 
     </span>
     <span class='ocr_line' id='line_1_24' title="bbox 477 2990 2674 3073; baseline 0.002 -18"><span class='ocrx_word' id='word_1_188' title='bbox 477 2990 871 3060; x_wconf 85' lang='lat' dir='ltr'><strong>inusitatam</strong></span> <span class='ocrx_word' id='word_1_189' title='bbox 917 2995 1363 3063; x_wconf 88' lang='lat' dir='ltr'><strong>adolescentis</strong></span> <span class='ocrx_word' id='word_1_190' title='bbox 1417 2995 1875 3062; x_wconf 84' lang='lat' dir='ltr'><strong>fortitudinem</strong></span> <span class='ocrx_word' id='word_1_191' title='bbox 1930 2996 2205 3073; x_wconf 76' lang='lat' dir='ltr'><strong>verituS,</strong></span> <span class='ocrx_word' id='word_1_192' title='bbox 2262 2994 2468 3060; x_wconf 82' lang='lat' dir='ltr'><strong>variis</strong></span> <span class='ocrx_word' id='word_1_193' title='bbox 2525 3014 2674 3060; x_wconf 90' lang='lat' dir='ltr'><strong>eum</strong></span> 
     </span>
     <span class='ocr_line' id='line_1_25' title="bbox 474 3096 2676 3187; baseline 0 -27"><span class='ocrx_word' id='word_1_194' title='bbox 474 3096 798 3178; x_wconf 85' lang='lat' dir='ltr'><strong>periculis</strong></span> <span class='ocrx_word' id='word_1_195' title='bbox 828 3098 1175 3183; x_wconf 83' lang='lat' dir='ltr'><strong>objecerit,</strong></span> <span class='ocrx_word' id='word_1_196' title='bbox 1207 3119 1298 3166; x_wconf 84' lang='lat' dir='ltr'><strong>ex</strong></span> <span class='ocrx_word' id='word_1_197' title='bbox 1340 3100 1588 3187; x_wconf 87' lang='lat' dir='ltr'><strong>quibus</strong></span> <span class='ocrx_word' id='word_1_198' title='bbox 1627 3105 1846 3166; x_wconf 89' lang='lat' dir='ltr'><strong>tamen</strong></span> <span class='ocrx_word' id='word_1_199' title='bbox 1876 3119 2076 3184; x_wconf 89' lang='lat' dir='ltr'><strong>qnam</strong></span> <span class='ocrx_word' id='word_1_200' title='bbox 2107 3098 2401 3177; x_wconf 81' lang='lat' dir='ltr'><strong>fortiter,·</strong></span> <span class='ocrx_word' id='word_1_201' title='bbox 2416 3103 2552 3162; x_wconf 87' lang='lat' dir='ltr'><strong>tam</strong></span> <span class='ocrx_word' id='word_1_202' title='bbox 2580 3097 2676 3162; x_wconf 68' lang='lat' dir='ltr'><strong>fe»</strong></span> 
     </span>
     <span class='ocr_line' id='line_1_26' title="bbox 474 3198 2672 3287; baseline 0 -25"><span class='ocrx_word' id='word_1_203' title='bbox 474 3198 686 3264; x_wconf 89' lang='lat' dir='ltr'><strong>liciter</strong></span> <span class='ocrx_word' id='word_1_204' title='bbox 727 3220 880 3266; x_wconf 85' lang='lat' dir='ltr'><strong>sese</strong></span> <span class='ocrx_word' id='word_1_205' title='bbox 925 3202 1297 3286; x_wconf 82' lang='lat' dir='ltr'><strong>expedivit.</strong></span> <span class='ocrx_word' id='word_1_206' title='bbox 1387 3202 1574 3269; x_wconf 90' lang='lat' dir='ltr'><strong>Nam</strong></span> <span class='ocrx_word' id='word_1_207' title='bbox 1605 3222 1762 3268; x_wconf 89' lang='lat' dir='ltr'><strong>cum</strong></span> <span class='ocrx_word' id='word_1_208' title='bbox 1792 3203 2033 3287; x_wconf 82' lang='lat' dir='ltr'><strong>paucis</strong></span> <span class='ocrx_word' id='word_1_209' title='bbox 2063 3201 2386 3266; x_wconf 88' lang='lat' dir='ltr'><strong>militibus</strong></span> <span class='ocrx_word' id='word_1_210' title='bbox 2411 3200 2481 3263; x_wconf 89' lang='lat' dir='ltr'><strong>in</strong></span> <span class='ocrx_word' id='word_1_211' title='bbox 2512 3198 2672 3263; x_wconf 90' lang='lat' dir='ltr'><strong>den-</strong></span> 
     </span>
     <span class='ocr_line' id='line_1_27' title="bbox 474 3300 2672 3390; baseline 0 -26"><span class='ocrx_word' id='word_1_212' title='bbox 474 3300 819 3378; x_wconf 87' lang='lat' dir='ltr'><strong>sissimum</strong></span> <span class='ocrx_word' id='word_1_213' title='bbox 848 3305 1302 3372; x_wconf 85' lang='lat' dir='ltr'><strong>Sarmatarum</strong></span> <span class='ocrx_word' id='word_1_214' title='bbox 1332 3326 1577 3390; x_wconf 84' lang='lat' dir='ltr'><strong>agmen</strong></span> <span class='ocrx_word' id='word_1_215' title='bbox 1618 3305 1989 3381; x_wconf 86' lang='lat' dir='ltr'><strong>immissus,</strong></span> <span class='ocrx_word' id='word_1_216' title='bbox 2021 3303 2236 3368; x_wconf 88' lang='lat' dir='ltr'><strong>aciem</strong></span> <span class='ocrx_word' id='word_1_217' title='bbox 2282 3302 2672 3385; x_wconf 85' lang='lat' dir='ltr'><strong>perrumpit,</strong></span> 
     </span>
     <span class='ocr_line' id='line_1_28' title="bbox 476 3404 2671 3492; baseline 0 -24"><span class='ocrx_word' id='word_1_218' title='bbox 476 3404 650 3469; x_wconf 86' lang='lat' dir='ltr'><strong>alios</strong></span> <span class='ocrx_word' id='word_1_219' title='bbox 694 3425 816 3471; x_wconf 92' lang='lat' dir='ltr'><strong>sua</strong></span> <span class='ocrx_word' id='word_1_220' title='bbox 860 3427 1064 3478; x_wconf 87' lang='lat' dir='ltr'><strong>manu</strong></span> <span class='ocrx_word' id='word_1_221' title='bbox 1110 3411 1338 3488; x_wconf 86' lang='lat' dir='ltr'><strong>caedit,</strong></span> <span class='ocrx_word' id='word_1_222' title='bbox 1372 3410 1548 3476; x_wconf 84' lang='lat' dir='ltr'><strong>alios</strong></span> <span class='ocrx_word' id='word_1_223' title='bbox 1587 3409 1800 3492; x_wconf 87' lang='lat' dir='ltr'><strong>fugat,</strong></span> <span class='ocrx_word' id='word_1_224' title='bbox 1831 3412 2032 3492; x_wconf 89' lang='lat' dir='ltr'><strong>atque</strong></span> <span class='ocrx_word' id='word_1_225' title='bbox 2061 3404 2232 3470; x_wconf 89' lang='lat' dir='ltr'><strong>adeo</strong></span> <span class='ocrx_word' id='word_1_226' title='bbox 2262 3424 2414 3469; x_wconf 86' lang='lat' dir='ltr'><strong>curn</strong></span> <span class='ocrx_word' id='word_1_227' title='bbox 2443 3423 2671 3469; x_wconf 86' lang='lat' dir='ltr'><strong>eorum</strong></span> 
     </span>
     <span class='ocr_line' id='line_1_29' title="bbox 474 3506 2673 3595; baseline -0.001 -22"><span class='ocrx_word' id='word_1_228' title='bbox 474 3506 649 3574; x_wconf 88' lang='lat' dir='ltr'><strong>duce</strong></span> <span class='ocrx_word' id='word_1_229' title='bbox 701 3509 1024 3595; x_wconf 81' lang='lat' dir='ltr'><strong>singulari</strong></span> <span class='ocrx_word' id='word_1_230' title='bbox 1074 3513 1439 3580; x_wconf 85' lang='lat' dir='ltr'><strong>certamine</strong></span> <span class='ocrx_word' id='word_1_231' title='bbox 1479 3530 1904 3595; x_wconf 74' lang='lat' dir='ltr'><strong>congresSnS,</strong></span> <span class='ocrx_word' id='word_1_232' title='bbox 1946 3510 2096 3593; x_wconf 92' lang='lat' dir='ltr'><strong>ipse</strong></span> <span class='ocrx_word' id='word_1_233' title='bbox 2142 3507 2356 3574; x_wconf 86' lang='lat' dir='ltr'><strong>victor</strong></span> <span class='ocrx_word' id='word_1_234' title='bbox 2410 3506 2673 3572; x_wconf 90' lang='lat' dir='ltr'><strong>hostem</strong></span> 
     </span>
     <span class='ocr_line' id='line_1_30' title="bbox 473 3609 2669 3702; baseline -0 -27"><span class='ocrx_word' id='word_1_235' title='bbox 473 3617 714 3680; x_wconf 86' lang='lat' dir='ltr'><strong>catena</strong></span> <span class='ocrx_word' id='word_1_236' title='bbox 743 3615 1060 3696; x_wconf 84' lang='lat' dir='ltr'><strong>vinctum,</strong></span> <span class='ocrx_word' id='word_1_237' title='bbox 1089 3623 1159 3683; x_wconf 91' lang='lat' dir='ltr'><strong>et</strong></span> <span class='ocrx_word' id='word_1_238' title='bbox 1189 3618 1457 3702; x_wconf 86' lang='lat' dir='ltr'><strong>capillis</strong></span> <span class='ocrx_word' id='word_1_239' title='bbox 1485 3620 1896 3702; x_wconf 87' lang='lat' dir='ltr'><strong>pertractum</strong></span> <span class='ocrx_word' id='word_1_240' title='bbox 1917 3612 2003 3678; x_wconf 90' lang='lat' dir='ltr'><strong>ad</strong></span> <span class='ocrx_word' id='word_1_241' title='bbox 2027 3610 2286 3678; x_wconf 81' lang='lat' dir='ltr'><strong>Galerii</strong></span> <span class='ocrx_word' id='word_1_242' title='bbox 2313 3610 2523 3696; x_wconf 87' lang='lat' dir='ltr'><strong>pedes</strong></span> <span class='ocrx_word' id='word_1_243' title='bbox 2551 3609 2669 3674; x_wconf 88' lang='lat' dir='ltr'><strong>ad-</strong></span> 
     </span>
     <span class='ocr_line' id='line_1_31' title="bbox 476 3713 2667 3806; baseline -0.001 -27"><span class='ocrx_word' id='word_1_244' title='bbox 476 3715 686 3783; x_wconf 86' lang='lat' dir='ltr'><strong>ducit.</strong></span> <span class='ocrx_word' id='word_1_245' title='bbox 774 3718 968 3785; x_wconf 87' lang='lat' dir='ltr'><strong>Idem</strong></span> <span class='ocrx_word' id='word_1_246' title='bbox 999 3723 1245 3788; x_wconf 88' lang='lat' dir='ltr'><strong>missus</strong></span> <span class='ocrx_word' id='word_1_247' title='bbox 1269 3729 1350 3786; x_wconf 89' lang='lat' dir='ltr'><strong>ut</strong></span> <span class='ocrx_word' id='word_1_248' title='bbox 1376 3717 1969 3806; x_wconf 82' lang='lat' dir='ltr'><strong>profundissimam</strong></span> <span class='ocrx_word' id='word_1_249' title='bbox 1998 3714 2318 3801; x_wconf 88' lang='lat' dir='ltr'><strong>paludem</strong></span> <span class='ocrx_word' id='word_1_250' title='bbox 2348 3713 2438 3779; x_wconf 91' lang='lat' dir='ltr'><strong>ad</strong></span> <span class='ocrx_word' id='word_1_251' title='bbox 2482 3732 2667 3780; x_wconf 82' lang='lat' dir='ltr'><strong>exer-</strong></span> 
     </span>
     <span class='ocr_line' id='line_1_32' title="bbox 474 3819 2670 3909; baseline -0.002 -25"><span class='ocrx_word' id='word_1_252' title='bbox 474 3819 650 3884; x_wconf 86' lang='lat' dir='ltr'><strong>citus</strong></span> <span class='ocrx_word' id='word_1_253' title='bbox 677 3822 1027 3889; x_wconf 88' lang='lat' dir='ltr'><strong>transitum</strong></span> <span class='ocrx_word' id='word_1_254' title='bbox 1055 3824 1462 3909; x_wconf 84' lang='lat' dir='ltr'><strong>exploraret,</strong></span> <span class='ocrx_word' id='word_1_255' title='bbox 1483 3821 1794 3907; x_wconf 87' lang='lat' dir='ltr'><strong>periculo</strong></span> <span class='ocrx_word' id='word_1_256' title='bbox 1813 3819 1978 3885; x_wconf 87' lang='lat' dir='ltr'><strong>nihil</strong></span> <span class='ocrx_word' id='word_1_257' title='bbox 1997 3822 2398 3892; x_wconf 85' lang='lat' dir='ltr'><strong>commotus,</strong></span> <span class='ocrx_word' id='word_1_258' title='bbox 2424 3833 2670 3901; x_wconf 89' lang='lat' dir='ltr'><strong>equum</strong></span> 
     </span>
     <span class='ocr_line' id='line_1_33' title="bbox 472 3918 2667 4010; baseline -0.012 -2"><span class='ocrx_word' id='word_1_259' title='bbox 472 3922 546 3988; x_wconf 73' lang='lat' dir='ltr'><strong>in</strong></span> <span class='ocrx_word' id='word_1_260' title='bbox 579 3923 894 4006; x_wconf 78' lang='lat' dir='ltr'><strong>Paludem</strong></span> <span class='ocrx_word' id='word_1_261' title='bbox 922 3929 1081 4010; x_wconf 85' lang='lat' dir='ltr'><strong>agit,</strong></span> <span class='ocrx_word' id='word_1_262' title='bbox 1109 3948 1190 3993; x_wconf 90' lang='lat' dir='ltr'><strong>ac</strong></span> <span class='ocrx_word' id='word_1_263' title='bbox 1218 3927 1400 3993; x_wconf 83' lang='lat' dir='ltr'><strong>viam</strong></span> <span class='ocrx_word' id='word_1_264' title='bbox 1433 3928 1565 3993; x_wconf 84' lang='lat' dir='ltr'><strong>toti</strong></span> <span class='ocrx_word' id='word_1_265' title='bbox 1592 3923 1919 3991; x_wconf 84' lang='lat' dir='ltr'><strong>exercitui</strong></span> <span class='ocrx_word' id='word_1_266' title='bbox 1952 3925 2445 4008; x_wconf 80' lang='lat' dir='ltr'><strong>praemonstrat.</strong></span> <span class='ocrx_word' id='word_1_267' title='bbox 2528 3918 2667 3985; x_wconf 87' lang='lat' dir='ltr'><strong>De-</strong></span> 
     </span>
     <span class='ocr_line' id='line_1_34' title="bbox 472 4020 2669 4111; baseline -0.002 -20"><span class='ocrx_word' id='word_1_268' title='bbox 472 4042 657 4092; x_wconf 86' lang='lat' dir='ltr'><strong>mum</strong></span> <span class='ocrx_word' id='word_1_269' title='bbox 679 4026 916 4111; x_wconf 83' lang='lat' dir='ltr'><strong>jussus</strong></span> <span class='ocrx_word' id='word_1_270' title='bbox 960 4049 1115 4095; x_wconf 90' lang='lat' dir='ltr'><strong>cum</strong></span> <span class='ocrx_word' id='word_1_271' title='bbox 1165 4030 1586 4097; x_wconf 83' lang='lat' dir='ltr'><strong>ferocissimo</strong></span> <span class='ocrx_word' id='word_1_272' title='bbox 1631 4028 1821 4094; x_wconf 86' lang='lat' dir='ltr'><strong>leone</strong></span> <span class='ocrx_word' id='word_1_273' title='bbox 1864 4026 1935 4091; x_wconf 91' lang='lat' dir='ltr'><strong>in</strong></span> <span class='ocrx_word' id='word_1_274' title='bbox 1976 4024 2242 4090; x_wconf 86' lang='lat' dir='ltr'><strong>theatro</strong></span> <span class='ocrx_word' id='word_1_275' title='bbox 2290 4020 2669 4104; x_wconf 84' lang='lat' dir='ltr'><strong>confligere,</strong></span> 
     </span>
     <span class='ocr_line' id='line_1_35' title="bbox 461 4125 2665 4213; baseline -0.001 -22"><span class='ocrx_word' id='word_1_276' title='bbox 461 4125 661 4194; x_wconf 70' lang='lat' dir='ltr'><strong>villico</strong></span> <span class='ocrx_word' id='word_1_277' title='bbox 688 4130 759 4195; x_wconf 93' lang='lat' dir='ltr'><strong>in</strong></span> <span class='ocrx_word' id='word_1_278' title='bbox 789 4150 1057 4198; x_wconf 89' lang='lat' dir='ltr'><strong>arenam</strong></span> <span class='ocrx_word' id='word_1_279' title='bbox 1103 4132 1474 4212; x_wconf 85' lang='lat' dir='ltr'><strong>deseendit,</strong></span> <span class='ocrx_word' id='word_1_280' title='bbox 1517 4138 1592 4198; x_wconf 91' lang='lat' dir='ltr'><strong>et</strong></span> <span class='ocrx_word' id='word_1_281' title='bbox 1634 4132 1810 4196; x_wconf 86' lang='lat' dir='ltr'><strong>inter</strong></span> <span class='ocrx_word' id='word_1_282' title='bbox 1855 4132 2313 4213; x_wconf 86' lang='lat' dir='ltr'><strong>spectatorum</strong></span> <span class='ocrx_word' id='word_1_283' title='bbox 2365 4125 2665 4192; x_wconf 89' lang='lat' dir='ltr'><strong>omnium</strong></span> 
     </span>
     <span class='ocr_line' id='line_1_36' title="bbox 476 4228 2667 4322; baseline 0 -27"><span class='ocrx_word' id='word_1_284' title='bbox 476 4230 847 4315; x_wconf 86' lang='lat' dir='ltr'><strong>applausus</strong></span> <span class='ocrx_word' id='word_1_285' title='bbox 877 4235 1084 4303; x_wconf 84' lang='lat' dir='ltr'><strong>feram</strong></span> <span class='ocrx_word' id='word_1_286' title='bbox 1116 4256 1319 4304; x_wconf 90' lang='lat' dir='ltr'><strong>manu</strong></span> <span class='ocrx_word' id='word_1_287' title='bbox 1349 4233 1875 4322; x_wconf 85' lang='lat' dir='ltr'><strong>comprehendit.</strong></span> <span class='ocrx_word' id='word_1_288' title='bbox 1910 4232 2165 4316; x_wconf 83' lang='lat' dir='ltr'><strong>Paneg.</strong></span> <span class='ocrx_word' id='word_1_289' title='bbox 2192 4245 2304 4296; x_wconf 78' lang='lat' dir='ltr'><strong>rx,</strong></span> <span class='ocrx_word' id='word_1_290' title='bbox 2328 4230 2395 4296; x_wconf 85' lang='lat'><strong>3.</strong></span> <span class='ocrx_word' id='word_1_291' title='bbox 2442 4228 2667 4296; x_wconf 81' lang='lat' dir='ltr'><strong>Zona·</strong></span> 
     </span>
    </p>
   </div>
  </div>
 </body>
</html>
