3084 4959
1133 371 1622 423 Maximum-20.
1703 363 1935 428 111.5.
2057 398 2061 407 ·
2459 364 2636 434 12⁰5

416 510 497 585 iu'
532 523 903 604 conspectu
946 524 1289 602 putamus,
1312 516 1462 601 Jam
1509 519 1598 584 de
1637 520 1836 585 vobis
1877 513 2235 587 audiamus
2273 522 2638 611 longinqua

412 623 762 688 miracula.
849 623 918 685 4.
962 620 1077 686 Ita
1104 639 1336 685 omnes
1364 622 1731 704 provinciae
1759 629 2032 701 vestrae,
2061 643 2234 707 quas
2266 623 2498 691 di'viua
2525 647 2637 694 ce·

415 724 680 789 leritate
719 723 1158 807 peragrastis,
1189 723 1308 788 ubi
1352 725 1530 803 sitis,
1566 725 1868 791 vicissim
1902 726 2243 809 nesciuut3
2286 720 2510 794 sciunt
2538 736 2634 796 ta-

416 846 600 904 men,
634 846 756 903 vos
786 825 1038 911 ubique
1069 825 1343 890 vicisse.

503 927 686 993 CAP.
735 945 804 990 v.
871 928 939 991 1.
987 927 1128 991 Sed
1179 927 1264 992 de
1313 929 1517 995 rebus
1567 928 1834 995 bellicis
1880 929 2323 1017 victoriisque
2369 932 2634 1012 vestriS,

412 1030 874 1095 sacratissime
920 1027 1319 1113 Imperator,
1361 1039 1438 1097 et
1478 1032 1676 1113 multi
1716 1051 1981 1097 summa
2026 1033 2417 1118 eloquentia
2458 1030 2638 1120 pree-

413 1131 538 1196 diti
585 1151 774 1214 saepe
827 1131 1165 1208 dixerunt,
1212 1140 1284 1198 et
1328 1152 1457 1215 ego
1503 1130 1821 1217 pridem,¹’
1867 1153 2019 1198 cum
2064 1136 2226 1199 mihi
2273 1136 2636 1202 auditionis

417 1241 558 1300 tuae
605 1234 835 1299 divina
877 1234 1174 1323 dignatio
1222 1254 1371 1299 eam
1414 1236 1686 1319 copiam
1730 1237 1992 1313 tribuit,
2054 1245 2378 1321 quantum
2418 1243 2637 1322 potui,

412 1332 837 1419 praedicavi:⁸
920 1335 984 1399 2.
1034 1334 1267 1401 Hodie
1297 1356 1482 1413 vero,
1523 1339 1586 1402 si
1631 1337 1716 1401 de
1765 1338 2292 1417 duabusfrebuS,
2328 1361 2498 1425 quas
2545 1341 2637 1423 ad

412 1438 545 1502 hoc
586 1445 857 1522 tempus
897 1439 1312 1522 aptissimaS,
1342 1439 1470 1502 nisi
1511 1438 1740 1510 fallor,
1772 1439 1974 1522 elegi,
2006 1439 2228 1506 dicere
2264 1442 2450 1520 mihi,
2488 1459 2636 1508 ves-

414 1541 519 1605 tra
556 1539 820 1605 favente
862 1540 1242 1623 majestate,
1268 1540 1645 1622 contigerit,
1679 1541 1765 1605 de
1806 1542 2055 1606 ceteris
2086 1543 2349 1607 veniam
2381 1544 2635 1610 silentii

414 1643 690 1726 petam.⁸
777 1643 845 1707 3.
894 1643 1060 1708 Non*
1109 1661 1558 1706 commemoro
1611 1642 1831 1725 igitur,
1887 1644 2127 1709 virtute
2179 1651 2409 1709 vestra
2460 1666 2636 1712 rem·

414 1746 761 1833 publicam
804 1738 1189 1811 s'aevissimo
1230 1743 1574 1809 dominatu
1609 1742 2003 1811 liberatam.i
2093 1745 2259 1811 Non
2301 1747 2483 1827 dico,
2511 1769 2632 1814 ex-

413 1842 765 1913 acerbatas
807 1848 1048 1912 saeculi
1091 1842 1363 1939 priorisj
1414 1847 1697 1930 injuriis,
1733 1858 1853 1930 per
1882 1849 2298 1913 clementiam
2333 1860 2633 1917 vestram

415 1950 503 2016 ad
532 1952 931 2036 obsequium
962 1950 1247 2015 rediisse
1276 1949 1687 2033 provincias,
1764 1949 1971 2016 Mitto
2000 1951 2204 2015 etiam
2229 1952 2377 2016 dies
2400 1953 2637 2032 festos,

414 2053 849 2137 victoriisque
890 2052 1266 2135 triumphos
1307 2055 1710 2119 celebratos·
1796 2052 2032 2117 Taceo
2066 2060 2325 2137 tropaea
2355 2053 2632 2123 Germa-

412 2151 622 2232 nica,k
660 2149 727 2219 in
765 2155 987 2239 media
1027 2153 1255 2219 defixa
1295 2155 1629 2222 barbaria.
1715 2158 1781 2223 4.
1826 2155 2134 2221 Transeo
2163 2156 2436 2222 limitem
2469 2157 2629 2225 Rae-

478 2331 506 2358 ⁶
545 2325 607 2373 Et
630 2330 856 2387 qnantum
891 2325 943 2374 in
965 2340 1039 2374 me
1059 2325 1165 2385 fnit
1196 2327 1571 2387 commemoravi,
1593 2342 1700 2376 enm
1731 2334 1893 2379 uestra
1925 2326 2091 2377 divina
2112 2326 2334 2390 mestas
2367 2342 2442 2379 me
2464 2329 2632 2381 audire

415 2404 507 2440 non
530 2390 810 2451 dedignata,
833 2391 953 2440 lianc
975 2390 1096 2439 mihi
1105 2389 1394 2450 fucultatem
1414 2394 1662 2444 concessit.

478 2452 501 2487 ὅ
539 2455 735 2518 Rogabo
757 2461 811 2507 ut
834 2461 990 2505 cetera
1013 2460 1168 2505 tacere
1189 2456 1309 2506 milti
1329 2456 1489 2506 liceat.

1338 2583 1704 2604 OOOOOOOOOOO

414 2661 674 2714 Schwarz.
736 2664 1011 2714 meritorum
1035 2667 1166 2715 Exc.
1188 2665 1340 2715 Voss.
1365 2667 1496 2715 Exc.
1518 2665 1815 2717 Scirouhov:
1837 2672 1890 2717 et
1914 2665 2035 2716 edd.
2058 2674 2177 2731 post
2195 2667 2467 2721 Evina-4
2491 2669 2627 2722 Ede.

416 2728 680 2779 Schwarz.
705 2741 758 2778 et
776 2729 813 2780 J
819 2731 998 2793 mgeri,
1019 2731 1263 2780 celeritate
1279 2731 1572 2792 peragratis.

481 2793 617 2844 ΟΑΡ.
635 2809 688 2843 v.
723 2800 745 2843 l
778 2795 1006 2857 Gnelph.
1026 2804 1078 2845 et
1104 2797 1232 2845 Exc.
1256 2796 1411 2844 Voss.
1431 2795 1746 2845 sacratissimi
1770 2797 2104 2862 Imperatores,
2129 2800 2180 2845 et
2202 2797 2363 2855 multi.
2384 2800 2467 2862 isc.
2503 2798 2630 2849 Vet-

415 2857 543 2906 Put.
564 2861 772 2909 Bertin.
799 2861 884 2909 alii
904 2861 1057 2910 codd.
1081 2870 1134 2909 et
1162 2861 1282 2909 edd.
1309 2869 1535 2910 recentt.
1559 2868 1607 2910 et
1632 2863 1790 2911 multi.
1849 2864 2168 2927 conjunctio
2191 2868 2240 2913 st
2262 2864 2407 2912 deest
2432 2863 2484 2914 in
2508 2864 2630 2913 edd.

414 2924 675 2986 antiq.—2
712 2925 819 2973 Pro
855 2925 1143 2989 aptissimus,
1177 2925 1315 2988 qnod
1354 2934 1566 2974 servant
1592 2926 1712 2975 Ver.
1747 2928 1974 2977 Putean.
2009 2927 2210 2978 Bertiu.
2244 2927 2471 2991 Gnelph.
2499 2928 2630 2978 Exc.

412 2988 570 3036 Voss.
585 2989 741 3040 Grnt.
756 2999 811 3039 et
827 2999 1049 3040 receutt.
1065 2991 1390 3053 optatissimus
1408 2991 1654 3041 exhibent
1671 2992 1793 3040 edd.
1813 3002 2031 3043 vetustt.
2047 2994 2194 3042 etsie
2211 2993 2477 3042 lavim—a
2494 2993 2628 3043 Exe-

411 3053 564 3102 voss.
597 3062 652 3103 et
677 3054 799 3105 Vet.
836 3055 1003 3105 Liviu.
1042 3056 1290 3104 dominatu
1322 3056 1603 3105 srenissimo.
1671 3059 2005 3108 Vct-'Livin-
2039 3060 2103 3108 ad
2133 3056 2402 3119 obsequium
2430 3059 2629 3109 redisse.

413 3117 553 3167 Edd.
572 3125 694 3169 ante
717 3121 876 3171 Grnt.
899 3127 953 3170 et
976 3121 1149 3170 Rivin.
1170 3127 1222 3171 l.‘
1251 3120 1484 3177 victoriis,
1500 3122 1756 3185 triumphis
1776 3123 2063 3181 celebr-aton
2098 3123 2300 3172 Bertin.
2319 3132 2373 3170 et
2393 3123 2461 3171 al.
2486 3123 2632 3174 eicco·

414 3183 510 3233 riis
521 3185 866 3250 triumphisque
880 3186 1138 3236 celebratos
1151 3202 1172 3245 ,-
1195 3186 1422 3250 Gnelph.
1437 3194 1490 3236 et
1507 3187 1637 3236 Exc.
1653 3187 1803 3238 Voss.
1834 3188 2139 3252 victoriisque
2151 3187 2415 3253 triumphos
2425 3187 2633 3238 celebra-

1413 3316 1629 3368 »ποτε
1696 3377 1709 3384 ,

478 3413 505 3449 ῑ·
538 3415 610 3465 Et
630 3429 718 3477 ego
734 3414 946 3480 pridem]
981 3414 1229 3481 Quisquis
1250 3415 1402 3479 liuJus
1426 3429 1482 3465 o·
1626 3417 1645 3461 i
1681 3416 2010 3473 Exncerbutas
2038 3418 2205 3468 saculi*
2235 3418 2438 3484 prioris]
2482 3418 2632 3469 Cari·

413 3491 630 3542 rationis
672 3494 856 3541 auctor
889 3499 988 3552 est,
1016 3492 1126 3555 jam
1166 3492 1481 3541 Diocletiani
1562 3510 1684 3545 num
1737 3495 1991 3558 intelligit
2052 3495 2443 3559 imperatorem,
2487 3494 2629 3545 omni

407 3575 467 3617 et
486 3566 794 3617 Maximiani
811 3565 993 3618 laudes
1016 3568 1119 3618 alio
1152 3567 1484 3632 Panegyrico
1563 3573 1816 3623 scelerum
1864 3579 1919 3621 et
1954 3571 2225 3621 libidinum
2269 3584 2464 3633 genere
2499 3569 2630 3621 infa-

413 3645 730 3696 celebrarat.
1562 3663 1718 3706 mem,
1739 3662 1892 3713 quem
1917 3647 2052 3696 Caro
2075 3647 2190 3710 ejus
2217 3647 2424 3709 parenti
2440 3647 2516 3695 ita
2538 3661 2628 3696 ex-

474 3720 492 3756 ¹
524 3720 797 3771 sevissimo
818 3721 1063 3770 damnata
1087 3720 1358 3785 liberatam]
1390 3722 1482 3771 Di·
1561 3738 1702 3774 osum
1727 3722 1888 3775 fnisse
1913 3722 2147 3785 tradunt,
2177 3729 2234 3772 nt
2256 3723 2449 3771 soleret
2473 3724 2628 3773 dicti-

413 3798 704 3849 ocletiauus
746 3795 1029 3847 Arriaunm
1088 3796 1308 3862 Aprum,
1359 3811 1479 3847 cum
1564 3807 1698 3855 tare.
1729 3800 1746 3827 ⁶
1776 3798 1897 3847 Non
1922 3804 2004 3848 est
2027 3795 2211 3847 mens.’
2278 3797 2535 3863 Vopiscus
2572 3801 2628 3850 in

414 3875 903 3925 ille·Nnmeriannm
937 3874 1328 3937 imperatorem,
1352 3888 1478 3924 eun·
1562 3875 1740 3927 Carini
1766 3874 1888 3926 vita.

412 3953 635 4018 demque
675 3965 924 4016 generum
956 3966 1102 4002 suum
1140 3967 1232 4017 per
1265 3951 1480 4002 insidias
1625 3951 1650 3986 Β
1687 3953 1887 4015 Tropoea
1925 3948 2239 4017 Germanica]
2283 3950 2454 4001 Victis
2491 3953 2628 4003 Bur-

411 4020 611 4078 nefarie
634 4029 962 4092 peremisset,
987 4029 1313 4092 tyrannidem
1336 4028 1480 4079 inva-
1565 4027 1941 4094 gundiouibns,
1965 4027 2159 4090 Eruiis,
2188 4037 2240 4076 et
2268 4043 2331 4078 ea
2354 4036 2468 4079 tota
2493 4031 2625 4080 Ger-

413 4105 624 4155 dentem
683 4119 889 4156 coram‘
912 4105 1149 4155 exercitu
1207 4107 1480 4156 mactavit.
1565 4105 1750 4155 maniae
1795 4109 1964 4169 parte,
1999 4118 2114 4168 quie
2150 4105 2330 4154 Raetiae
2362 4105 2628 4172 objieitnr,

415 4182 549 4232 Vide
604 4197 724 4248 quae
772 4181 996 4232 diximus
1051 4183 1103 4231 in
1163 4182 1478 4234 Diocletiani
1561 4180 1853 4231 debellata:
1891 4178 2202 4230 restitutoin
2219 4195 2430 4246 regnum
2449 4182 2625 4233 Gene-

418 4258 563 4312 Vita.
1563 4255 1647 4314 bo,
1669 4255 1893 4308 Esatech
1919 4268 2041 4306 vero
2063 4269 2189 4320 rege
2212 4256 2520 4308 constituto.
