3084 4959
453 327 630 399 1278
1092 344 1424 395 nummu
1479 344 2023 396 rauacvnmus

455 509 602 553 rum
630 489 946 591 auspices
976 489 1512 573 Imperatorum!
1572 491 1639 555 2.
1683 488 1961 568 Quanta
1991 489 2193 569 enim,
2220 489 2656 556 invictissimi

457 591 835 676 Principes,
868 601 942 656 et
971 592 1172 656 vobis
1197 598 1269 655 et
1294 591 1684 676 reipublicae
1713 592 1970 657 saecula
2006 589 2440 677 propagatis)
2471 595 2658 659 orbis

406 751 409 754 .
456 695 659 760 vestri
699 691 1176 778 participando
1223 692 1557 757 tutelam?
1603 691 1800 776 cujus
1837 693 1999 762 licet
2023 700 2221 772 esset,
2249 695 2433 759 omui
2461 693 2658 761 hoste

456 797 853 882 perdomito,
884 800 1068 861 certa
1096 795 1448 873 securitaS,
1483 794 1730 859 nimios
1762 800 1987 860 tamen
2008 795 2077 859 in
2101 795 2373 862 diversa
2404 797 2656 862 discur-

456 919 574 964 sus
593 899 700 965 vel
715 898 1072 964 revisenda
1091 899 1446 982 poscebat.
1501 897 1571 961 3.
1603 896 1858 962 Partho
1874 898 2129 982 quippe
2153 898 2328 963 ultra
2345 898 2599 982 Tigrim
2619 907 2658 935 ¹¹¹

450 1000 748 1078 redacto,
799 998 1020 1065 Dacia
1065 999 1403 1076 restituta,
1434 999 1768 1082 porrectis
1823 1019 2035 1084 usque
2082 1000 2170 1065 ad
2216 999 2517 1066 Danubii
2544 1021 2656 1067 ca-

456 1109 620 1187 put⁰
649 1101 1033 1169 Germaniae
1083 1097 1468 1186 Raetiaeque
1514 1102 1907 1181 limitibus,⁰
1936 1101 2274 1168 destinata
2301 1103 2612 1169 Bataviae
2630 1111 2658 1152 Ρ

458 1204 962 1288 Britanniaeque
983 1211 1011 1250 ‘¹
1084 1203 1409 1282 vindicta,
1489 1204 1947 1285 gubernacula
2001 1204 2258 1289 majora
2318 1205 2659 1288 quaerebat

456 1311 682 1384 aucta,
713 1311 918 1390 atque
949 1305 1252 1388 augenda
1276 1305 1684 1389 respublica,
1709 1311 1798 1384 et,
1824 1305 1940 1391 qui
1971 1304 2301 1371 Romanae
2333 1305 2658 1390 potentiae

362 1461 375 1476 .
457 1409 767 1475 terminos
799 1409 1033 1475 virtute
1062 1407 1499 1492 protulerant,
1528 1407 1889 1490 imperium
1934 1406 2074 1472 filio
2097 1416 2118 1445 ¹
2162 1409 2414 1492 pietate
2452 1407 2657 1476 dehe-

455 1510 635 1576 bant.

1371 1624 1645 1647 OOCOOOOOO
1650 1623 1739 1647 000

442 1742 649 1806 firmata
673 1740 1029 1790 videam.—-a
1050 1741 1177 1791 Vet.
1212 1740 1418 1791 Bertin.
1445 1741 1667 1806 Cuspiu.
1703 1741 1823 1806 reip.
1853 1743 2025 1791 soecala
2059 1742 2315 1805 propagati
2331 1757 2352 1800 ,-
2383 1741 2505 1791 add.
2532 1748 2655 1791 aute

459 1808 624 1857 Banu.
647 1804 766 1869 reip.
785 1805 1102 1870 propagatim
1137 1806 1362 1858 Puteau.
1386 1807 1558 1857 Moerl.
1583 1808 1812 1871 Guelph.
1835 1807 1954 1869 reip.
1973 1806 2145 1855 soecula
2164 1808 2462 1871 propagatis.
2521 1806 2655 1858 Edu.

457 1878 583 1920 vett.
620 1870 731 1921 licet
764 1871 927 1928 omni;
967 1871 1165 1920 Bertiu.
1203 1872 1418 1935 Cuspiu-
1453 1872 1568 1921 licet
1599 1877 1741 1934 esset,
1778 1872 1938 1928 omni3
1973 1871 2340 1934 Guelph.1icet
2376 1876 2517 1927 esset.
2551 1886 2657 1921 cum

456 1938 606 1991 hoste,
627 1938 810 1999 &ra—3
847 1936 1079 1986 Rhenan.
1102 1936 1174 1986 H.
1195 1937 1378 2000 Steph.
1400 1945 1454 1987 et
1480 1936 1653 1987 Rivin.
1676 1950 1821 1999 usque
1844 1937 1912 1985 D.
1941 1941 2099 2000 caput,
2122 1935 2313 1987 omisso
2334 1939 2412 1987 ad.
2447 1938 2653 1988 Puteal.

457 2001 697 2050 Rhenan.
710 2007 773 2050 -et
800 2000 971 2051 Riviu.
992 2005 1215 2064 augenda
1249 2001 1485 2066 republica
1499 2018 1521 2062 ,·
1559 2002 1688 2053 Exc.
1710 2001 1998 2053 Schonhov.
2023 2009 2078 2052 et
2106 2001 2270 2053 Lirin.
2308 2003 2528 2065 augenda
2559 2016 2652 2051 res·

448 2066 653 2129 publica,
675 2072 735 2116 ut
756 2065 889 2129 conj.
912 2063 1115 2116 Acidal.
1190 2097 1199 2110 ι

1445 2196 1664 2247 No'rAE

520 2308 547 2342 ¹¹
579 2309 826 2359 Annorum
880 2308 1184 2372 volventium]
1242 2313 1517 2371 Παθητικῶς

455 2385 600 2449 qnasi
641 2387 963 2451 volubilium,
1007 2396 1069 2437 ut
1109 2388 1288 2451 Virgil-
1324 2387 1443 2440 AEn.
1477 2402 1515 2438 1.

455 2468 570 2513 238.
606 2470 621 2493 ‘
646 2465 804 2515 Certe
836 2465 956 2516 hinc
980 2467 1235 2517 Romanos
1254 2468 1375 2518 olim
1406 2470 1512 2518 vol·

456 2539 695 2589 ventibus
742 2539 925 2595 annis,’
978 2544 1077 2591 διο.
1144 2542 1334 2591 Martis
1392 2556 1514 2592 vero

454 2629 680 2668 mensem
713 2616 915 2667 initium
947 2630 1081 2667 auno
1111 2617 1316 2667 dedisse
1357 2617 1516 2666 tradit

457 2693 614 2744 Ovid.
640 2694 779 2744 Fast.
806 2708 845 2744 1.
869 2697 952 2744 28.
986 2701 1002 2725 ‘
1025 2695 1285 2760 Tempora
1306 2694 1513 2758 digere·

452 2777 536 2818 ret
558 2784 674 2819 cum
697 2770 937 2821 conditor
952 2770 1115 2832 urbis,
1139 2771 1190 2820 in
1217 2785 1354 2820 auno
1378 2770 1513 2820 Con·

456 2846 630 2896 stituit
646 2859 848 2896 meuses
861 2846 1084 2911 quinque
1099 2846 1179 2895 his
1197 2859 1312 2895 esse
1327 2860 1440 2897 suo.
1465 2877 1479 2894 .
1499 2879 1514 2895 .

455 2922 643 2972 Martis
664 2929 780 2972 erat
816 2922 1010 2986 primus
1035 2921 1242 2985 mensis,
1266 2921 1510 2972 Veneris-

454 3014 555 3064 que
568 2999 851 3050 secundus:
877 3000 1011 3050 Haec
1028 3000 1236 3063 generis
1246 2999 1515 3063 princeps3

454 3076 616 3140 ipsius
637 3076 727 3126 ille
754 3075 944 3141 pater,’
963 3078 1064 3125 &c-

518 3149 533 3184 ¹
564 3152 747 3202 Saecnlo
773 3149 1079 3216 propagatis]
1114 3152 1203 3202 Ita
1236 3152 1514 3202 restituere

454 3227 619 3278 visum
658 3234 739 3278 est
765 3229 924 3291 juxta
954 3228 1334 3279 Bertiniensem
1377 3228 1514 3279 codi-

453 3318 589 3368 cem,
611 3320 729 3356 cum
754 3307 804 3355 in
827 3305 942 3355 aliis
966 3304 1282 3356 editionibus
1305 3305 1394 3367 sit,
1416 3307 1513 3356 rei-

449 3384 653 3447 publice
677 3382 960 3447 propagatio
981 3383 1110 3433 orbis
1135 3383 1283 3433 vestri
1297 3397 1318 3441 ,-
1359 3385 1518 3448 male,

452 3472 569 3509 meo
591 3459 798 3523 quidem
810 3457 1034 3521 judicio,
1057 3464 1114 3507 et
1136 3451 1397 3522 c'orrupte.

440 3567 451 3573 -
518 3542 556 3568 ¹¹¹
615 3532 759 3583 Ultra
822 3530 1035 3595 Tigrim]
1099 3534 1269 3598 Tigris
1326 3532 1514 3584 fluvius

436 3609 615 3666 -Αιίε,
643 3609 1076 3672 Mesopotamiam
1108 3610 1173 3659 ab
1206 3608 1426 3674 Assyria
1459 3617 1516 3661 e‘t

451 3685 668 3735 Susiana
690 3685 948 3750 dividens,
968 3686 1022 3735 in
1045 3684 1292 3737 Armenia
1304 3686 1514 3753 Majore

453 3761 634 3811 oritur.

517 3846 542 3872 ¹¹
575 3838 792 3889 Danubii
822 3840 986 3903 caput]
1027 3839 1113 3889 De
1148 3836 1395 3888 Danubio
1428 3852 1512 3888 su-

455 3929 566 3981 pra,
595 3914 748 3964 Plinii
773 3915 970 3978 Paneg.
994 3931 1111 3979 cap.
1133 3929 1240 3967 xu.
1269 3923 1378 3966 not.
1397 3923 1447 3966 W.
1513 3907 1519 3916 ”

517 4000 542 4024 ⁰
577 3989 852 4039 Germanice
925 3991 1186 4055 Ratioeoue
1251 3990 1509 4055 limitibus]

417 4096 421 4099 <
450 4065 643 4119 Strabo
661 4065 994 4116 Germaniam
1018 4068 1282 4131 antiquam
1306 4067 1510 4130 Rheno,

451 4142 716 4206 Danubio,
730 4157 792 4193 ac
806 4144 1008 4195 Vistula
1022 4143 1274 4206 amnibus,
1291 4142 1512 4206 sinuque

453 4220 772 4277 Germaniae,
812 4222 901 4286 qui
949 4222 1097 4285 vulgo
1139 4234 1276 4271 nunc
1321 4219 1511 4270 dicitur

1598 2310 1790 2362 accolis
1811 2311 1871 2361 de
1897 2310 2018 2361 Oost
2039 2324 2133 2368 see,
2157 2317 2213 2361 et
2236 2309 2365 2360 mari
2387 2309 2656 2361 Germani·

1598 2402 1679 2446 co,
1704 2388 1840 2454 quod
1865 2395 1947 2438 est
1971 2388 2112 2437 inter
2133 2386 2447 2437 Cimbricam
2472 2388 2655 2452 penin-

1597 2465 1758 2514 sulam
1805 2479 1866 2514 ac
1910 2462 2078 2513 Rheni
2118 2464 2268 2525 ostia,
2294 2461 2506 2524 delinit„
2553 2464 2656 2512 Ta-

1597 2541 1731 2592 citus
1756 2554 1896 2597 vero,
1921 2538 2112 2589 Galliae
2145 2537 2376 2601 Belgicae
2398 2538 2654 2601 quondam

1598 2623 1924 2682 procurator,
1939 2616 1990 2664 iu
2006 2615 2137 2665 libro
2158 2628 2251 2663 suo
2270 2613 2337 2662 de
2354 2613 2655 2666 Germania

1596 2693 1734 2751 Situ,
1766 2693 1863 2743 διο.
1885 2706 1996 2742 eam
2023 2707 2054 2740 a
2080 2689 2267 2741 Galliis
2291 2689 2578 2756 Raetiisque
2601 2698 2657 2741 et

1597 2771 1900 2834 Pannoniis,
1944 2771 2126 2821 Rheno
2182 2778 2238 2819 et
2293 2768 2573 2820 Danubio:
2626 2784 2657 2819 a

1594 2847 1847 2897 Sarmatis
1894 2847 2179 2911 Dacisque,
2215 2845 2510 2896 montibus:
2561 2845 2653 2896 de-

1593 2938 1731 2974 mum
1757 2925 2194 2988 septemtrionem
2220 2936 2415 2986 versus,
2435 2924 2657 2974 Suerico

1596 3001 1726 3050 mari
1747 3000 2021 3051 disclusam
2040 2999 2241 3050 scribit.
2384 2997 2388 3002 ’

1660 3084 1687 3119 1³
1721 3077 1973 3141 Bataviae]
2011 3076 2117 3127 Ubi
2153 3075 2385 3126 Carausii
2432 3074 2654 3125 foedera·

1596 3159 1678 3202 tos
1695 3154 1920 3203 Francos
1938 3152 2275 3207 Constantius
2293 3149 2523 3201 fuderat.
2554 3150 2676 3200 Ba·'

1599 3229 1739 3279 tavia
1785 3235 1957 3277 antem
2010 3241 2073 3275 ea
2117 3232 2319 3276 tautum
2359 3225 2655 3275 Hollandiae

1598 3319 1716 3368 pars
1744 3303 2018 3354 dicebatur
2038 3316 2156 3366 quae
2178 3301 2328 3350 hodie
2352 3302 2490 3350 inter
2512 3307 2656 3351 vete·

1597 3396 1704 3431 rem
1732 3380 1967 3429 Rhenum
1991 3386 2047 3428 et
2069 3376 2310 3427 vahalim
2343 3375 2547 3435 fluvios,
2578 3385 2656 3427 at·

1597 3470 1698 3521 que
1729 3468 1981 3505 oceanum
2005 3454 2319 3504 continetur.
2390 3454 2542 3504 Nunc
2566 3467 2677 3505 no-.

1595 3546 1713 3583 meu
1733 3528 1858 3580 illud
1884 3543 1979 3593 pro
1996 3536 2104 3578 tota
2118 3527 2397 3579 Hollaudia
2415 3531 2607 3581 sumitn
2616 3546 2657 3579 r.

1660 3617 1686 3653 <t
1718 3602 2108 3669 Britannioeque]
2195 3604 2340 3657 Quas
2403 3613 2654 3670 tyrannus

1597 3684 1874 3735 Carausius
1897 3682 2178 3731 invaserat.
2235 3681 2523 3733 Britannia
2549 3684 2654 3733 Au-

1596 3761 1785 3826 glicum
1807 3767 1863 3811 et
1885 3759 2401 3833 Scoticum'regnum,
2422 3775 2539 3811 cum
2560 3760 2656 3812 Hi·

1596 3839 1779 3890 bernia
1833 3845 1889 3888 et
1939 3836 2116 3889 insulis
2165 3836 2658 3900 circumjacentibus

1593 3914 1952 3965 continebant.
2622 3960 2634 3970 ,

1657 3998 1678 4025 ¹
1715 3990 1864 4055 Filio]
1933 3988 2019 4038 Ita
2070 3986 2263 4037 dicitur
2322 3986 2656 4038 Constantius

1594 4067 1733 4133 quod
1777 4066 2104 4118 Theodoram
2148 4064 2453 4116 Maximiani
2497 4063 2656 4115 filiam

1594 4142 1847 4194 duxisset·
