3084 4959
528 299 702 365 1440
1179 310 1497 361 nazaren
1517 309 2085 360 ,assuescamus

528 463 766 545 ligatur
790 476 925 524 non
949 456 1284 541 ingentior
1310 476 1482 533 esse,
1514 476 1713 542 qnam
1760 457 1999 525 verior.
2089 452 2241 522 Nec
2279 474 2435 522 vero
2462 455 2714 524 medio-

529 563 759 629 cribus
786 560 983 626 bonis
1012 559 1322 645 gaudent,
1359 561 1478 645 qui
1501 538 1858 625 exultandi
1884 557 2155 624 modum
2186 579 2319 625 non
2345 557 2643 625 habeut.⁸

619 662 800 730 CAP.
834 680 921 727 11.
1005 663 1070 727 1.
1116 662 1419 732 Fruimur
1457 682 1583 727 nos
1627 661 1897 751 quidem
1944 662 2371 746 praesentium
2416 663 2718 730 maxima.

531 767 900 853 voluptate,
945 763 1063 830 sed
1109 764 1527 830 lenocinatur
1574 764 1683 829 his
1720 765 1867 849 jam
1912 764 2118 830 futuri
2159 766 2375 844 ratio;
2420 772 2509 842 et,
2555 786 2712 849 quae

530 869 937 953 temporibus
986 866 1335 951 disparata
1356 862 1386 903 ‘¹
1429 873 1607 946 sunt,
1655 868 2026 933 animorum
2062 867 2537 951 praesumtione
2557 868 2718 952 jun-

531 979 816 1057 guntur!
881 970 946 1035 2.
981 969 1314 1050 Quintum
1344 968 1673 1036 decimum
1707 977 1988 1034 annum·
2015 970 2350 1035 maximus
2380 970 2713 1055 Princeps

533 1073 845 1139 salutaris
875 1074 1140 1158 imperii
1189 1072 1388 1156 degit,
1436 1072 1554 1137 sed
1604 1092 2000 1154 auguramur
2030 1071 2176 1157 jam
2221 1071 2615 1150 vicennalia,
2645 1077 2715 1138 et

528 1178 787 1242 venturi
834 1175 1033 1242 fidem
1071 1177 1484 1260 superiorum
1542 1174 1864 1241 felicitate
1911 1174 2310 1241 sancimus!
2390 1174 2457 1239 3.
2502 1172 2714 1253 Quin·

527 1281 883 1364 quennalia
939 1268 1472 1345 beatissimorum
1521 1277 1866 1344 Caesarum
1916 1285 2290 1361 occupatos
2337 1278 2407 1342 in
2450 1277 2712 1360 gaudiis

527 1380 795 1464 babent,
832 1382 953 1448 sed
985 1384 1054 1446 in
1103 1381 1457 1448 destinatis
1504 1382 1846 1448 decenniis
1872 1380 2018 1467 jam
2062 1387 2227 1445 vota
2264 1380 2712 1465 properantia,

526 1492 597 1551 et
653 1505 810 1571 spes
858 1485 1165 1552 volucres
1212 1486 1670 1551 constiterunt.
1757 1484 2023 1551 Horum
2073 1482 2311 1550 dehinc
2366 1489 2716 1567 compotes

527 1589 1051 1672 propagabimus
1096 1589 1414 1672 optabilis
1457 1590 1621 1654 boni
1672 1589 1930 1654 seriem.
2016 1591 2081 1652 4.
2126 1588 2234 1653 Ita
2278 1586 2521 1665 omnia,
2556 1606 2710 1671 quae

529 1709 616 1755 ex
647 1689 1083 1774 Principibus
1112 1692 1357 1756 nostris
1402 1710 1722 1777 prospere
1755 1690 2050 1767 veniunt,
2083 1690 2511 1756 continuatos
2538 1689 2707 1754 fruc·

529 1795 639 1855 tus
675 1790 919 1868 ferunt,
968 1811 1090 1857 nec
1143 1771 1356 1876 maigis
1398 1801 1679 1877 recepta·
1715 1793 2071 1871 delectant,
2115 1812 2314 1878 quam
2348 1798 2709 1875 expectata

518 1892 854 1978 juverunt.
939 1894 1002 1960 5.
1046 1894 1296 1960 Verum
1329 1896 1492 1979 quid
1525 1896 1810 1980 agimus,
1828 1895 2104 1973 vicenis,
2126 1902 2246 1960 aut
2262 1894 2404 1980 jam
2435 1894 2707 1959 tricenis

529 1997 720 2062 annis
757 1998 1385 2079 circumscribendo,
1434 2018 1592 2085 quae
1643 2004 1887 2066 aeterna
1929 2000 2249 2064 sentimus
2269 2001 2301 2064 'l
2350 1994 2708 2083 Ampliora

588 2181 611 2216 ὓ
642 2182 711 2233 Et
730 2197 842 2233 vero
867 2183 1064 2234 ummis
1082 2182 1218 2234 bonis
1237 2183 1481 2246 latentur,
1501 2185 1584 2248 qai
1602 2184 1788 2235 loetitioe
1807 2198 1907 2235 sua
1924 2185 2112 2235 amdam
2139 2199 2233 2235 non
2253 2188 2448 2248 ponuat.

589 2256 613 2282 θ
641 2248 989 2298 Jucuudissime
1024 2249 1209 2313 quidem
1227 2249 1446 2309 fruimur
1475 2250 1609 2298 banis
1638 2250 1966 2314 presentibus,
1986 2252 2067 2300 sed
2099 2250 2175 2300 liis
2191 2248 2542 2311 jucunditatem
2569 2248 2708 2300 addit

516 2313 798 2373 suturarum
815 2327 919 2375 spes
938 2319 1180 2378 occupata,
1202 2320 1251 2364 et
1272 2330 1375 2377 qaoe
1398 2321 1654 2377 temporam
1676 2315 1920 2366 intervallo
1939 2316 2142 2366 discreta
2162 2322 2290 2365 sunt.

528 2376 618 2494 ’.εὖ
654 2379 722 2428 Et
742 2377 1015 2439 judicamus
1055 2394 1118 2429 ex
1137 2379 1379 2441 felicitate
1404 2381 1619 2444 priorum
1648 2385 1924 2446 temporum.
1940 2383 2060 2447 quid
2088 2384 2142 2431 in
2161 2381 2388 2443 sutus-um
2418 2392 2606 2445 sperare
2625 2381 2707 2430 de·

581 2457 729 2493 amus.

1421 2522 1754 2546 ‘Olumm
1758 2525 1787 2546 0

525 2619 666 2670 Gnd.
689 2621 863 2671 Moerl.
889 2620 1125 2673 Rhenan.
1151 2622 1333 2674 indicia
1358 2625 1781 2689 peruginum—8
1815 2624 2042 2690 Guelpb.
2079 2626 2209 2677 unis
2236 2627 2484 2690 gauderet,
2516 2626 2708 2690 impro-

524 2683 682 2735 bante
706 2686 885 2737 Arntz.
939 2689 1023 2736 sed
1044 2689 1305 2739 exsultanti
1327 2691 1502 2740 Moerl.
1522 2691 1848 2754 improbante
1868 2691 1903 2742 J
1909 2706 2097 2754 aegero.

588 2751 728 2801 CAP·
762 2766 826 2802 ιι.
878 2757 905 2802 1
943 2748 1174 2802 Fraimur
1192 2755 1378 2817 quidem
1404 2771 1488 2804 nos
1521 2756 1644 2807 edd.
1675 2766 1798 2807 ante
1822 2757 2003 2807 Arntz.
2064 2757 2124 2806 F.
2145 2771 2229 2804 aas
2247 2756 2432 2820 quidem
2454 2750 2575 2804 Vet.
2597 2755 2703 2804 Pn-

520 2822 663 2866 tean.
685 2824 741 2866 et
762 2816 902 2869 Gud.
952 2817 1244 2881 disseparata
1269 2824 1380 2868 suat
1407 2821 1639 2872 Rbenan.
1674 2822 1854 2885 Stepb.
1886 2821 2037 2872 Grut.
2068 2821 2236 2870 Paris.
2257 2820 2490 2869 Patarol.
2513 2819 2706 2871 Cellar.

519 2883 766 2945 disparata
788 2888 899 2932 sunt
925 2880 1046 2931 Vet.
1068 2883 1294 2932 Putean.
1315 2884 1438 2933 Vct.
1463 2886 1629 2936 Livin.
1645 2887 1848 2937 Ber-tin.
1871 2886 2011 2937 Gud.
2035 2894 2088 2935 et
2111 2886 2285 2935 Moerl.
2307 2888 2561 2949 probante
2586 2885 2708 2934 Aei-

519 2944 724 2996 (ὴὲ-2
756 2948 1004 2997 Maximus
1020 2948 1237 3013 princeps
1257 2950 1481 3000 salutaris
1500 2952 1689 3016 imperii
1709 2967 1885 3002 annunt
1907 2951 2108 3001 Bertin.
2142 2966 2225 3013 ap.
2259 2951 2426 3000 Livin.
2463 2948 2706 3010 felicitate

516 3011 744 3062 sentimas
767 3013 1205 3078 Rhenumsteph.
1244 3013 1414 3065 Lirin.
1447 3017 1618 3066 Rivin.
1648 3018 1716 3069 al.
1746 3025 1867 3067 ante
1891 3017 2048 3068 Grut.
2078 3016 2128 3074 s.
2151 3018 2393 3066 sanximus
2414 3016 2614 3065 Bet-tiu.
2649 3015 2704 3076 s.
2778 3023 2796 3038 ¹

517 3077 752 3127 mucimus
792 3078 913 3128 Vet.
958 3078 1124 3127 Livin-
1168 3080 1381 3142 Cuspin.
1426 3081 1586 3132 Grut.
1638 3090 1694 3131 et
1751 3089 1974 3133 recenti.
2013 3081 2065 3142 s.
2105 3083 2369 3132 sanciamus
2411 3081 2706 3143 Guelpb.—-

520 3145 552 3191 8
585 3142 807 3206 Guelpb.
831 3149 1032 3193 mutato
1053 3143 1255 3205 ordine,
1272 3147 1355 3194 sed
1375 3146 1484 3208 jam
1514 3149 1567 3195 in
1593 3148 1846 3197 destinatis
1864 3147 2103 3197 decenniis
2123 3152 2248 3196 cota.
2273 3147 2503 3196 Rhenan.
2524 3144 2706 3209 Steph-

518 3206 688 3257 Livin.
713 3207 888 3257 Riviu.
910 3210 977 3258 al.
999 3216 1132 3259 vett.
1161 3212 1372 3260 macres
1390 3216 1768 3272 constituerant,-
1788 3214 1990 3263 Bertin.
2013 3212 2226 3277 cuspin.
2241 3212 2463 3263 Grai-et
2479 3218 2706 3264 recentt.

1509 3342 1721 3393 NOTAE

582 3430 607 3465 ¹¹
639 3431 905 3497 Disparata
942 3433 1287 3500 [disseparata]
1350 3436 1432 3488 An
1474 3438 1570 3488 dis-
1653 3438 1760 3490 ricc
1811 3438 2056 3503 carmine,
2110 3440 2246 3504 qnod
2275 3439 2373 3490 boc
2413 3439 2529 3502 ipso
2570 3453 2703 3490 anno

511 3510 734 3575 parata?
784 3517 842 3562 ut
893 3512 1203 3564 Viennensis
1252 3514 1411 3565 babet
1462 3515 1571 3565 edi·
1653 3515 1846 3565 Christi
1868 3518 1985 3565 821.
2016 3529 2191 3566 coram
2215 3516 2556 3566 Constantino
2586 3530 2705 3582 pro·

521 3590 615 3641 tio.
1651 3591 1927 3649 nuntiavit,
1948 3592 2092 3656 quus
2114 3590 2411 3656 fragmenta
2429 3606 2588 3657 opera
2609 3593 2700 3643 Pi·

582 3674 606 3703 ⁸
641 3666 873 3723 Quintum
913 3666 1143 3717 decimum
1183 3666 1382 3731 anuum]
1432 3668 1572 3719 Con·
1652 3667 1775 3718 tlioei
1813 3669 1865 3717 in
1898 3669 2066 3719 lucem
2090 3669 2284 3719 exiere.
2349 3669 2537 3733 Itaque
2562 3669 2614 3718 in
2638 3682 2701 3718 eo

520 3745 767 3794 currebat
792 3748 871 3793 15.
921 3744 1247 3795 Constantini
1267 3759 1431 3794 annus
1453 3761 1571 3797 eum
1652 3745 1898 3808 carmine,
1960 3748 1976 3775 ⁶
2002 3745 2198 3795 Sancte
2251 3745 2458 3803 Pater,'
2515 3745 2701 3810 inquit,

517 3820 778 3869 Cesaram
801 3819 1278 3885 quinquennalibus.
1342 3823 1459 3872 Mos
1482 3838 1571 3872 an·
1651 3821 1668 3850 ‘
1689 3830 1864 3872 rector
1887 3836 2152 3885 superum,
2175 3821 2412 3870 vicennia
2451 3822 2573 3871 laeta
2598 3822 2703 3871 Au·

516 3905 621 3947 tem
644 3903 780 3957 erat,
804 3896 933 3945 utin
959 3897 1419 3963 quinquennalibus
1449 3907 1571 3948 vota
1650 3908 1819 3964 girato,
1865 3909 1921 3951 et
1960 3901 2134 3950 decies
2183 3909 2424 3951 crescant
2469 3899 2704 3955 solennia

513 3974 725 4038 publica
769 3987 862 4035 pro
901 3972 1289 4032 decennalibus,
1343 3974 1570 4025 decimo·
1647 3976 1820 4027 natis!
1872 3978 2104 4042 Idipsum
2127 3986 2335 4028 constat
2359 3993 2424 4027 ex
2445 3978 2700 4029 sexcentis

467 4074 470 4075 ⁷
513 4052 693 4115 quinto
711 4058 1089 4114 annovotapro
1106 4051 1460 4101 vicennalibus
1477 4052 1568 4101 ob·
1648 4055 1884 4113 nummis,
1925 4070 2105 4107 vous.
2146 4071 2202 4107 x.
2242 4070 2409 4107 mvvr.
2447 4066 2502 4107 et
2545 4069 2701 4107 voris

514 4126 739 4175 tinendis
762 4125 1123 4190 funderentur,
1155 4136 1214 4177 ut
1246 4127 1567 4192 Porphyrius
1650 4144 1751 4181 xx.
1773 4131 1823 4181 id
1849 4138 1947 4188 est,
1979 4139 1993 4162 ‘
2020 4134 2154 4182 votis
2175 4132 2540 4185 decennalibus
2571 4131 2703 4184 mul-

515 4199 673 4267 poeta
694 4202 887 4254 diserte
911 4209 1134 4256 testatur
1155 4206 1209 4257 in
1223 4219 1323 4258 .eo.
1339 4218 1571 4272 panegy-
1651 4206 1757 4273 tis,'
1775 4210 1789 4235 ‘
1805 4208 1945 4259 votis.
1960 4208 2367 4261 vicennalibus.'.
