3084 4959
432 334 609 403 1216
985 350 1432 402 sumuntur
1480 352 1632 401 eeu
1648 351 2078 402 nrnmscus

418 498 600 564 ratio
632 503 836 582 atque
865 495 1196 563 dubitatio
1228 495 1535 581 injecta,¹¹
1567 497 1840 581 quinam
1868 497 1952 563 de
1973 496 2111 562 illis
2140 496 2466 563 montium
2497 518 2642 564 ver·
2711 503 2715 508 ’

434 602 685 667 ticibus
713 601 1057 680 orirentur,
1101 619 1185 666 an
1227 599 1333 664 his
1363 599 1688 681 gradibus
1717 601 1784 664 in
1826 606 2035 665 terras
2067 600 2244 681 coelo
2275 600 2645 666 descende-

433 707 600 768 rent.
686 705 755 767 5.
799 703 898 768 Ut
928 722 1087 769 vero
1120 704 1403 788 propius
1432 702 1849 788 propiusque
1881 702 2091 785 coepti
2129 702 2295 766 estis
2343 703 2641 786 agnosci,

435 824 666 872 omnes
696 807 836 889 agri
865 806 1139 890 oppleti,
1169 824 1301 870 non
1329 805 1714 870 hominibus
1745 804 1946 870 modo
1988 803 2079 868 ad
2106 803 2450 868 visendum
2489 824 2642 888 pro-

434 909 878 987 currentibu3‚
933 908 1059 973 sed
1097 908 1303 973 etiam
1350 909 1688 992 pecudum
1734 909 2048 992 gregibus
2085 915 2348 972 remota
2385 927 2644 991 pascua

434 1019 505 1078 et
534 1031 809 1079 nemora
835 1011 1333 1097 linquentibus:
1381 1004 1777 1078 concursare
1806 1012 1981 1077 inter
2007 1030 2081 1076 se
2113 1010 2454 1093 agricolae,
2476 1030 2642 1075 nun-

433 1115 603 1181 tiare
627 1116 792 1182 totis
816 1116 1017 1192 visa,v
1037 1133 1175 1180 arae
1197 1114 1484 1192 incendi,
1506 1114 1698 1179 thura
1719 1115 1904 1199 poni,
1928 1114 2087 1179 vina
2107 1113 2326 1191 libari,
2350 1113 2641 1180 victimae

435 1218 637 1296 caedi,
679 1224 920 1285 cuncta
970 1217 1217 1301 gaudio
1259 1219 1503 1297 calere,
1546 1226 1790 1283 cuncta
1834 1216 2184 1303 plausibus
2228 1215 2638 1300 tripudiare:

1357 1382 1386 1403 O
1392 1381 1734 1406 W‘Nmo

436 1497 658 1549 antehac
687 1498 955 1562 legeretur
974 1496 1177 1558 invecto,
1210 1497 1409 1561 placuit
1442 1498 1593 1548 nobis
1619 1497 1793 1560 injecto
1809 1514 1831 1557 ,·
1865 1496 2003 1562 quod
2039 1496 2235 1546 diserte
2269 1495 2520 1559 exprimit
2555 1511 2642 1548 co·

436 1564 539 1619 dex
578 1570 787 1626 noster3
822 1562 959 1627 quod
996 1564 1235 1612 similiter
1267 1564 1532 1614 Livineius
1569 1564 1623 1612 in
1656 1577 1748 1613 suo
1773 1572 1977 1624 vetere,
2012 1573 2068 1612 et
2100 1562 2418 1611 Bertiniensi
2444 1562 2643 1624 codice,

436 1638 596 1695 atque
619 1630 884 1679 Puteanus
919 1628 970 1676 in
1005 1628 1138 1686 alio„
1157 1628 1483 1681 invenerant.
1550 1628 1814 1679 Praeterea
1837 1635 1895 1679 et
1919 1627 2183 1677 Acidalius
2206 1628 2255 1675 in
2282 1629 2416 1676 notis
2437 1629 2542 1677 suis
2564 1628 2642 1677 sic

427 1695 662 1759 jusserat
686 1695 785 1756 legi
806 1708 821 1753 ;
861 1707 1013 1756 quam
1050 1692 1274 1757 denique
1303 1694 1426 1743 lect.
1455 1694 1565 1756 jam
1593 1693 1712 1745 Jac.
1736 1693 1822 1743 De
1847 1694 1896 1742 la
1918 1692 2120 1756 Baune‚
2138 1700 2192 1742 et
2215 1692 2405 1742 Cellar.
2425 1693 2642 1742 exhibu-

436 1758 630 1809 erunt.’
663 1758 907 1808 Schwarz.
957 1758 1129 1818 injecto
1162 1758 1359 1821 pariter
1386 1759 1519 1807 Exc.
1540 1758 1691 1808 Voss.
1743 1763 1791 1808 et
1824 1759 2017 1821 quinam
2038 1759 2097 1807 de
2117 1757 2216 1808 iuis
2238 1757 2361 1807 edd.
2388 1764 2514 1807 vett.
2568 1772 2644 1808 ec·

434 1824 628 1888 quinum
661 1825 719 1872 de
751 1823 852 1871 iuis
887 1823 1023 1886 conj.
1055 1822 1219 1873 Livin.
1254 1830 1307 1871 et
1342 1823 1570 1877 Putean.
1604 1822 1860 1887 probante
1894 1823 2166 1882 Gesner03
2204 1827 2251 1871 ct
2273 1823 2423 1872 deest
2450 1823 2502 1872 in
2525 1822 2642 1883 cod,

435 1889 664 1951 Guelph.
687 1895 742 1938 et
766 1889 895 1938 Exc.
920 1888 1071 1936 Voss.
1128 1887 1356 1950 Deinde,
1381 1888 1511 1937 Exc.
1534 1889 1679 1936 Voss.
1697 1893 1753 1935 et
1778 1888 2006 1951 Guelph.
2024 1886 2218 1936 habent
2235 1886 2469 1948 gradibus
2488 1903 2515 1937 e
2530 1887 2644 1936 coelo

432 1955 489 2003 2⁰¹⁸
509 1958 777 2004 terram—5
816 1952 941 2002 Vet.
966 1952 1191 2002 Putean.
1213 1953 1326 2014 ogr-i
1345 1954 1534 2015 repleti.
1584 1953 1600 1981 ‘
1625 1953 1870 2002 Nuntiat-c
1890 1950 2097 2014 ignotis]
2133 1951 2275 2000 Olim
2293 1951 2484 2016 ubique
2501 1954 2649 2014 lege-

436 2018 609 2076 batur,
642 2019 787 2068 totis.-
821 2025 875 2065 at
911 2018 960 2065 in
999 2016 1096 2066 hac
1130 2032 1257 2067 voce
1296 2018 1440 2066 ulcus
1475 2024 1620 2066 vetus
1651 2018 1800 2080 latet,
1833 2018 1918 2068 cui
1954 2015 2264 2066 removendo
2288 2018 2415 2066 nulli
2437 2016 2646 2074 codices

434 2084 640 2147 scripti,
664 2095 833 2146 neque
858 2081 977 2130 libri
1001 2083 1199 2141 excusi,
1218 2083 1464 2146 quinobis
1487 2084 1753 2145 hucusque
1777 2083 2066 2143 innotuere,
2085 2079 2368 2139 sufficiunt.
2435 2082 2642 2131 Valent.

433 2148 703 2199 Acidalius
724 2146 790 2196 ad
814 2146 952 2196 bunc
974 2147 1141 2196 locum
1174 2147 1291 2197 baec
1322 2153 1700 2198 commentatus
1732 2154 1832 2202 est,
1868 2147 1884 2175 ‘
1905 2146 2080 2196 Possis
2119 2147 2479 2210 interpretari,
2511 2147 2644 2203 totis,

434 2214 701 2276 omnibus3
729 2219 790 2261 ut
809 2210 946 2274 apud
974 2212 1249 2274 Apuleium
1275 2211 1572 2276 aliquoties·
1612 2211 1714 2261 Sed
1743 2211 1865 2267 mihi
1891 2213 2115 2275 placeat,
2138 2212 2302 2273 magis
2325 2211 2502 2269 scribi,
2522 2226 2646 2261 nun·

432 2279 560 2328 tiore
580 2279 695 2328 totis
715 2277 863 2327 vicis.-
900 2277 1009 2325 sive
1034 2277 1190 2327 etiam
1214 2276 1600 2329 distinctionem
1625 2278 1832 2337 minari,
1865 2289 2145 2327 concursare
2178 2275 2307 2325 inter
2327 2291 2378 2325 se
2397 2276 2645 2338 agricola,

432 2344 689 2402 nuntiam,-
727 2342 845 2392 totis
869 2342 988 2391 vicis
1018 2356 1120 2391 ιιι-ω
1153 2341 1380 2391 incendi)
1445 2342 1719 2392 Hactenus
1742 2341 2027 2392 Acidalius.
2084 2339 2157 2389 At
2189 2340 2452 2390 Livineius
2477 2340 2528 2389 in
2551 2355 2645 2391 ora

434 2408 554 2458 libri
579 2408 656 2458 sui
680 2407 965 2468 annotavit,
1001 2420 1096 2470 pro
1131 2407 1267 2471 totis,
1303 2404 1440 2456 forte
1478 2407 1750 2471 legendum
1785 2407 1927 2456 notis.
1995 2406 2127 2457 Quae
2170 2419 2266 2454 vox
2294 2413 2417 2455 tunc
2435 2404 2644 2456 demum

433 2473 603 2525 locum
627 2472 819 2522 habere
844 2485 995 2534 posse
1018 2471 1242 2534 videtur,
1273 2472 1316 2520 si
1353 2471 1370 2501 ‘
1388 2472 1526 2521 noti’
1562 2487 1660 2536 pro
1692 2472 1709 2500 ‘
1726 2470 1905 2521 amicis
1922 2470 1938 2494 ’
1971 2477 2251 2535 ponantur,
2278 2472 2355 2520 uti
2381 2472 2517 2532 apud
2543 2470 2645 2529 Ca·-¹

434 2539 552 2588 tull.
574 2550 744 2587 uxx.
764 2541 817 2586 4.
882 2537 1076 2586 Verum
1113 2538 1274 2601 magis
1312 2537 1488 2600 placet
1516 2539 1662 2602 prior
1683 2535 1908 2587 Acidalii
1935 2536 2260 2600 conjectura,
2282 2536 2504 2586 nuntiare
2527 2536 2643 2585 totis

432 2603 585 2662 υόοἱις
609 2601 887 2652 dummodo
912 2601 1028 2651 huic
1053 2603 1373 2666 conjecturae
1409 2603 1758 2666 astipulentur
1790 2609 1996 2652 veteres
2026 2600 2232 2666 quidam
2257 2601 2484 2651 codices.
2547 2600 2645 2651 Et·

435 2669 594 2729 enim,
615 2667 751 2731 quod
774 2667 1028 2717 cellarius
1051 2666 1146 2725 ait,
1172 2667 1410 2717 Acidalio
1429 2668 1592 2717 videri
1611 2668 1802 2731 potuit.
1821 2668 1943 2717 vicis
1963 2666 2239 2723 excidisse,
2260 2666 2397 2730 quod
2425 2671 2643 2729 propter

431 2733 796 2797 insequentem
821 2746 1020 2791 vocem,
1050 2732 1174 2794 visa,
1197 2732 1379 2782 iisdem
1414 2732 1527 2783 fere
1555 2732 1790 2796 apicibus
1823 2738 2169 2791 constantem,
2192 2731 2507 2795 probabilius
2540 2738 2643 2794 est,

433 2800 582 2863 quasi
605 2813 697 2861 pro
718 2799 819 2847 una
841 2812 1118 2861 perperam
1144 2798 1371 2861 repetita
1393 2812 1507 2847 eum
1533 2798 1794 2859 habuisse,
1810 2798 1897 2860 qui
1917 2796 2210 2859 descripsit.
2245 2797 2410 2846 Nobis
2429 2797 2479 2844 in
2499 2810 2641 2845 men-

436 2870 544 2912 tem
570 2862 732 2924 venit,
770 2877 863 2926 pro
898 2863 1029 2925 totis,
1052 2864 1275 2926 primum
1300 2861 1462 2912 fuisse
1487 2864 1736 2925 scriptum
1759 2862 1957 2923 ignotis,
1995 2862 2030 2911 i.
2061 2876 2109 2910 e.
2139 2861 2331 2924 ignaris
2355 2871 2410 2910 et
2441 2860 2644 2911 nesciis.

436 2928 605 2981 Quam
630 2928 777 2992 liujus
802 2928 942 2976 vocis
966 2929 1228 2977 notionem
1253 2942 1367 2977 cum
1392 2929 1716 2990 ignorarent,
1735 2934 1827 2976 aut
1851 2928 2050 2990 priores
2067 2926 2243 2976 literas
2259 2926 2641 2976 obsolescentes

435 2991 576 3044 forte
601 3007 702 3043 non
736 2992 1214 3044 animadverterent
1251 2993 1403 3042 rudes
1437 2993 1656 3056 librarii,
1691 2994 1909 3056 primurn
1949 3005 2226 3056 reposuere
2261 2991 2427 3051 notis3
2455 2991 2547 3040 sed
2584 2998 2641 3041 et

435 3072 552 3109 cum
576 3058 707 3108 lianc
728 3059 1005 3108 sententiae
1029 3058 1380 3123 panegyristae
1406 3058 1572 3108 minus
1604 3063 1973 3122 congruentem
2012 3062 2257 3120 putarent
2292 3058 2399 3117 alii,
2434 3056 2640 3106 interim

435 3124 554 3174 ltine
590 3122 835 3172 effinxere
876 3125 1008 3172 totis.
1075 3123 1327 3187 Apprime
1364 3130 1540 3172 autem
1577 3123 1695 3173 huic
1733 3124 1849 3171 loco
1881 3121 2127 3172 convenit
2160 3121 2342 3183 ignotis
2355 3137 2376 3180 ,-
2403 3122 2640 3184 quoniam

431 3188 627 3251 ignotus
652 3190 806 3251 vulgo
829 3190 1036 3253 quidem
1062 3189 1265 3252 passive
1288 3188 1481 3238 dicitur
1518 3191 1533 3217 ‘
1553 3188 1888 3251 incognitum·
1924 3201 2015 3236 seu
2054 3186 2138 3249 qui
2164 3187 2277 3234 aliis
2311 3200 2412 3235 non
2444 3193 2525 3235 est
2549 3200 2641 3234 no-

436 3261 523 3303 tus
542 3269 557 3314 ς
582 3253 737 3303 nihilo
761 3254 925 3302 minus
945 3261 1122 3303 tamen
1146 3254 1304 3302 etiarn
1327 3269 1356 3301 a
1376 3253 1605 3317 probatis
1620 3254 1811 3317 lingum
1830 3252 2036 3302 Latinae
2054 3251 2351 3300 auctoribus
2366 3250 2641 3314 aliquando

436 3319 607 3368 actIve
631 3319 673 3367 is
695 3318 885 3367 dicitnr
907 3318 1121 3380 ignotus,
1158 3318 1245 3382 qui
1280 3333 1384 3368 non
1420 3318 1583 3379 novit,
1615 3326 1671 3368 et
1704 3318 1792 3381 qui
1828 3331 1998 3366 rerum
2022 3321 2105 3365 est
2125 3315 2368 3380 ignarus-⁹
2403 3315 2643 3366 Schwart-

433 3382 501 3432 In
536 3383 756 3432 nuntiare
789 3383 908 3432 totis
938 3384 1041 3431 visa
1076 3382 1377 3445 conspirant
1413 3382 1569 3432 codd.
1623 3382 1765 3432 Vide
1801 3381 1953 3431 Nott.
1988 3381 2142 3430 Varr.
2190 3380 2537 3444 Lindenbrog.
2574 3380 2638 3431 ad

433 3448 582 3513 Eleg.
606 3448 671 3498 ad
697 3447 914 3513 Liviam,
935 3462 1008 3496 vs·
1030 3451 1143 3498 136.
1163 3447 1300 3511 conj.
1321 3463 1422 3498 ιιι-ω
1440 3449 1576 3513 poni,
1599 3448 1741 3497 thuro
1760 3445 1950 3497 incendi
1962 3461 1983 3505 ,⁰
2015 3446 2337 3497 stewechius
2360 3445 2423 3494 ad
2448 3445 2642 3496 Arnob.

1412 3595 1627 3647 NOTAE

499 3698 522 3725 ¹¹
556 3689 767 3754 Iniecta]
802 3689 1025 3739 Restitui
1059 3705 1154 3754 pro
1186 3690 1395 3754 invecto,
1429 3706 1496 3740 ex
1579 3689 1665 3741 An
1711 3688 1959 3740 restituta
2003 3690 2184 3740 vocula
2223 3688 2496 3750 legendum
2527 3692 2646 3741 totis

434 3767 771 3823 Bertiniensi,
790 3766 915 3815 item
938 3775 991 3815 et
1009 3776 1187 3817 vetere
1207 3767 1309 3816 alio
1326 3781 1496 3819 exem·
1577 3768 1712 3819 vicis.
1748 3767 1834 3819 Au
1856 3783 1979 3817 vero
2001 3769 2420 3832 interpunctione
2444 3777 2645 3820 tantum

433 3843 587 3909 plari.
653 3844 782 3892 Mox
803 3842 1060 3906 ecquinam,
1086 3858 1179 3907 pro
1208 3848 1256 3895 et
1285 3844 1498 3907 quinam,
1579 3852 1796 3902 mutata,
1834 3846 2130 3894 Goncursare
2161 3845 2291 3894 inter
2320 3860 2372 3895 se
2397 3847 2645 3909 agricole,

435 3933 496 3973 ut
530 3922 805 3986 legendum
837 3937 951 3972 esse
982 3930 1170 3972 notant
1201 3923 1336 3972 idem
1362 3923 1497 3973 Lan·
1578 3923 1820 3983 nuntiare,
1840 3922 1959 3970 totis
1978 3921 2096 3971 vicis
2116 3936 2216 3970 ara·
2235 3921 2440 3972 incendi.
2498 3923 2657 3974 Nota·

437 3999 551 4064 gius
573 4004 629 4048 et
650 3998 927 4057 Gruterus,
950 4000 1053 4047 ὅτε.
1423 4034 1432 4045 ,
1578 4013 1703 4049 vero
1745 3998 1881 4050 hunc
1920 3999 2193 4048 verborum
2227 4012 2404 4048 casum
2439 3999 2504 4048 ad
2533 4014 2643 4051 rem

501 4082 523 4108 v
558 4073 800 4123 Nuntiate
834 4073 950 4122 totis
977 4072 1103 4136 visa]
1144 4073 1330 4124 Utrum
1363 4073 1498 4135 totis,
1578 4076 1675 4126 snb
1699 4077 1875 4127 oculos
1903 4074 2281 4147 supjiciendam
2305 4075 2518 4128 mirifice
2552 4091 2644 4142 ap·
2728 4136 2737 4141 ,

434 4150 488 4200 id
535 4155 636 4211 est,
678 4149 951 4199 omnibus:
997 4150 1143 4213 cujus
1191 4151 1265 4200 rei
1310 4157 1499 4201 extant
1581 4157 1712 4204 tum.

435 4224 576 4290 apud
598 4224 876 4290 Apuleium
901 4226 1144 4290 exempla
1165 4224 1298 4277 bene
1320 4227 1498 4279 multa.
