3084 4959
869 352 975 402 An
1026 352 1471 403 uAunarrm
1520 352 2163 406 cnnnrunmomw.
2444 339 2623 408 1193

403 494 875 583 praedicandas
904 497 1113 562 sumit
1141 501 1213 562 et
1239 495 1565 580 pietatem
1594 502 1662 562 et
1686 496 2075 564 felicitatem
2108 498 2455 585 utriusque
2485 499 2624 565 Im-

403 597 762 684 peratoris.
846 597 957 663 Ac
1001 598 1270 683 quidem
1300 618 1457 683 cap.
1487 616 1594 664 vr.
1626 600 1694 666 1.
1721 600 1789 666 2.
1818 601 2242 667 commendat
2268 602 2621 686 utriusque

403 703 723 788 pietatem
751 721 909 783 erga
930 701 1158 783 Deos3
1189 707 1331 767 tum
1359 702 1684 769 laudibus
1704 703 1927 770 evehit
1949 710 2247 770 mutuam
2276 706 2620 788 pietatem,

407 825 542 890 qua
578 805 721 889 ipsi
761 823 840 869 sc
879 804 1166 870 invicem
1194 800 1520 869 coluerint
1544 804 1616 870 hi
1647 805 2135 890 Imperatores.
2224 806 2434 875 Hanc
2472 825 2622 890 pro·

403 908 546 986 bat,
575 926 728 992 cap.
761 923 864 971 vr.
891 907 956 971 3.
988 908 1057 972 4.
1086 908 1155 971 5.
1182 906 1247 973 6.
1275 908 1342 973 7.
1405 905 1472 972 1.
1503 925 1594 973 ex
1633 906 1917 975 mirifica
1965 907 2332 974 concordia
2357 908 2430 971 in
2461 926 2627 992 pos-

408 1007 691 1073 sidendo
736 1013 805 1073 et
843 1007 1133 1091 regendo
1173 1007 1358 1072 orbis
1398 1006 1696 1073 Romani
1734 1009 2046 1093 imperio.
2100 1010 2168 1075 2.
2201 1029 2359 1094 cap.
2389 1027 2528 1074 vu.
2557 1008 2625 1075 1.

406 1110 473 1175 2.
500 1111 661 1177 3..4.
703 1129 793 1179 ex
838 1111 1310 1179 communione
1353 1117 1425 1176 et
1467 1112 1994 1195 participatione
2034 1112 2445 1189 laurearum,
2482 1112 2532 1177 i.
2560 1131 2623 1178 e.

404 1211 842 1278 victoriarum
873 1217 940 1277 et
970 1212 1451 1296 triumphorum
1480 1212 1567 1278 de
1598 1213 1913 1280 hostibus
1940 1214 2323 1281 relatorum.
2372 1216 2438 1281 3.
2467 1232 2624 1300 cap.

409 1329 547 1378 vn.
573 1315 643 1381 5.
670 1315 737 1382 6.
766 1317 833 1380 7.
865 1333 956 1379 ex
993 1320 1228 1380 mutua
1267 1314 1500 1398 gloriae
1533 1316 1989 1397 aemulatione,
2018 1318 2228 1382 etiam
2255 1317 2327 1381 in
2355 1316 2631 1382 diversa

408 1415 644 1500 stirpe,
689 1421 758 1480 et
800 1415 1121 1481 dissimili
1165 1424 1394 1482 aetate.
1465 1419 1532 1482 4.
1563 1436 1718 1501 cap.
1750 1436 1922 1483 vm.
1966 1438 2165 1504 seqq.
2208 1440 2248 1485 e
2292 1422 2628 1485 conventu

411 1516 954 1598 Mediolanensi3
998 1537 1156 1583 cum
1196 1519 1381 1585 nulla
1420 1518 1682 1586 itineris
1723 1523 2281 1607 tempestatisque
2309 1520 2630 1588 molestia

408 1619 692 1685 detineri
728 1619 1100 1705 potuerint,
1121 1639 1266 1704 quo
1309 1620 1534 1687 minus
1571 1622 1991 1705 pervolarint
2028 1620 2500 1688 Mediolanum
2538 1622 2629 1688 ad

410 1722 823 1807 colloquium
876 1722 1193 1801 amicum,
1243 1722 1326 1787 de
1372 1725 1726 1808 republica
1771 1724 1839 1788 in
1883 1743 2239 1791 commune
2287 1725 2631 1793 consulta-

408 1824 569 1888 turi.
655 1824 887 1909 Hujus
950 1825 1437 1891 adco·itineris
1481 1826 1830 1905 describit,
1873 1827 1941 1893 1.
1981 1847 2140 1913 cap.
2185 1844 2352 1892 vm.
2396 1828 2631 1894 celeri·

409 1931 641 1992 tatem.
727 1929 797 1992 2.
842 1945 995 2012 cap.
1044 1944 1159 1992 lx.
1208 1928 1274 2006 1.
1317 1930 1383 1993 2.
1429 1929 1495 1994 3.
1537 1929 1860 2014 temporis
1905 1930 2184 2015 hyberni
2228 1937 2297 1996 et
2337 1929 2627 2015 Alpium‘

407 2028 963 2095 transeundarum
1008 2029 1467 2115 asperitatem.
1546 2031 1614 2096 3.
1659 2051 1816 2115 cap.
1862 2048 1979 2097 lx.
2020 2033 2086 2097 4.
2123 2035 2192 2099 5.
2231 2039 2300 2099 et
2342 2052 2497 2118 cap.
2546 2042 2631 2097 x.

405 2132 476 2198 1.
503 2132 572 2197 2.
599 2132 1264 2218 &comparationem
1303 2153 1459 2198 cum
1500 2132 1740 2199 itinere
1782 2133 2200 2199 Hannibalis
2234 2152 2351 2221 per
2381 2134 2627 2218 AlpeS.

406 2238 474 2301 4.
502 2242 658 2322 cap'.
691 2239 773 2300 x.
800 2236 869 2298 4.
896 2237 964 2300 5.
992 2236 1058 2302 6.
1090 2242 1426 2314 eventum,
1456 2242 1525 2299 et
1566 2234 1869 2300 laetitiam
1913 2235 2259 2318 publicam
2304 2234 2465 2299 inde
2508 2254 2627 2300 ex-

409 2339 709 2405 citatam.
793 2339 857 2403 5.
906 2357 1057 2425 cap.
1090 2353 1204 2402 xl.
1235 2337 1737 2404 venerationem
1776 2338 2211 2421 praesentium
2249 2334 2634 2421 Imperato-

412 2460 584 2521 rum,
628 2441 940 2525 itemque,
970 2461 1124 2525 cap.
1154 2456 1293 2507 ιιι.
1324 2438 1386 2504 1.
1417 2440 1484 2504 2.
1529 2438 1941 2504 desiderium
1987 2439 2238 2506 civium
2285 2439 2632 2505 Romano·

410 2562 559 2608 rum
602 2538 840 2610 coram'
879 2543 1246 2608 venerandi
1291 2542 1772 2627 Imperatores.
1815 2548 1884 2607 et
1911 2540 1981 2607 6.
2011 2562 2165 2627 cap.
2197 2558 2347 2606 xn.
2373 2540 2443 2607 3.
2470 2542 2536 2605 4.
2564 2542 2631 2606 5.

411 2644 694 2712 reditum
737 2645 1230 2729 Imperatorum
1277 2645 1368 2711 ad
1416 2647 1816 2712 exercitum.
1895 2662 1977 2710 u.
2024 2663 2183 2728 cap.
2228 2659 2410 2708 xm.
2453 2662 2630 2726 prae-

413 2747 601 2814 dicat
651 2746 1100 2814 Mamertinus
1149 2749 1535 2814 felicitatem
1588 2750 1942 2834 utriusque
1994 2746 2487 2833 Imperatoris:
2560 2744 2628 2813 1.

414 2871 569 2936 cap.
615 2867 795 2917 xm.
834 2857 904 2917 et
946 2867 1112 2916 xiv.
1151 2852 1334 2938 quod
1376 2853 1588 2917 libere
1633 2857 1699 2917 et
1740 2850 1963 2917 securi
2008 2870 2083 2915 se
2125 2850 2416 2915 invicem
2465 2866 2632 2913 con·

410 2955 679 3038 spicere
723 2961 793 3019 et
834 2953 1202 3037 complecti
1245 2954 1533 3038 possint.
1606 2954 1671 3018 2.
1717 2972 1871 3037 cap.
1907 2968 2038 3017 XV.
2068 2951 2249 3036 quod
2287 2951 2475 3015 salus
2504 2949 2631 3031 rei-
2664 3024 2669 3029 ‚

413 3058 729 3143 publicae,
767 3063 856 3123 et
914 3057 1281 3124 salubritas
1339 3061 1740 3142 temporum,
1789 3056 2238 3139 fertilitasque
2288 3058 2628 3132 terrarum,

413 3161 510 3226 sit
547 3160 880 3227 restituta.
949 3160 1016 3226 3.
1060 3179 1212 3244 cap.
1245 3175 1407 3225 xvi.
1442 3174 1646 3225 xvn.
1679 3174 1912 3224 xvm.
1943 3157 2123 3242 quod
2163 3157 2467 3222 barbarae
2510 3175 2631 3222 na-

418 3263 635 3329 tiones
675 3262 850 3345 ipsae
890 3281 965 3327 se
1004 3267 1373 3341 conterant,
1404 3268 1473 3328 et
1511 3260 1693 3327 bella
1732 3260 1963 3326 civilia
1992 3258 2080 3324 ad
2109 3257 2234 3324 has
2260 3259 2394 3324 sint
2421 3263 2634 3324 trans·

415 3365 583 3441 lata,
629 3382 997 3448 omnesque
1033 3364 1270 3430 hostes
1313 3365 1693 3448 quiescant.
1782 3362 1869 3427 In
1890 3360 2204 3451 epilogo,
2252 3380 2410 3444 cap.
2453 3374 2633 3427 xlx.

419 3467 669 3533 Orator
710 3466 928 3550 primo
971 3450 1307 3530 rationem
1352 3465 1598 3541 reddit,
1647 3465 1829 3550 quod
1870 3464 1938 3530 in
1979 3464 2112 3530 hac
2157 3464 2466 3528 oratione
2507 3481 2634 3547 po·

416 3569 755 3635 tissimum
813 3567 898 3632 de
955 3567 1211 3652 pietate
1272 3572 1341 3633 et
1394 3566 1726 3634 felicitate
1776 3567 2132 3650 utriusque
2194 3562 2667 3650 Imperatoris.

419 3671 794 3750 disseruit3
858 3668 1104 3734 deinde
1158 3668 1561 3735 maritimam
1613 3668 1961 3734 victoriam
2012 3660 2286 3751 utrique
2345 3684 2637 3747 augura-

420 3783 553 3839 tur.
645 3773 782 3838 His
835 3771 1008 3837 adeo
1061 3771 1456 3857 praemissis,
1497 3770 1649 3853 jam
1697 3771 1923 3854 ipsum
1974 3775 2366 3835 contextum
2425 3768 2634 3854 hujus

418 3875 825 3960 Panegyrici
870 3873 1304 3940 Genethliaci
1338 3873 1731 3952 recensebo,
1761 3880 1855 3952 et,
1883 3872 2004 3937 ubi
2033 3871 2302 3937 dabitur
2329 3872 2636 3954 occasio,

419 3977 1011 4057 observationibus
1042 3976 1452 4059 quibusdam
1480 3975 1822 4041 illustrare
1852 3975 2177 4048 conabor,
2205 3973 2440 4039 iisdem
2473 3975 2636 4040 sub·

417 4083 643 4161 auidiis,
676 4100 833 4166 quae
861 4080 993 4146 suh
1018 4080 1278 4144 initium
1311 4077 1858 4146 observationum
1891 4078 1979 4145 ad
2006 4078 2302 4163 priorem
2337 4075 2638 4145 Mamer·

418 4186 541 4253 tini
566 4186 933 4252 orationem
961 4182 1292 4261 recensui,
1321 4199 1598 4247 usurus.
