3084 4959
977 375 1518 429 cous'rswrmo
1566 377 1745 431 Auo.
1822 379 1956 430 vn.
2000 367 2069 432 5.
2335 414 2340 418 ·
2441 367 2616 437 1349

415 522 798 610 ornaritque
832 523 1369 609 rempublicam‘i
1455 524 1523 591 2.
1569 525 1712 605 Qui
1754 528 2011 592 ascitus
2056 497 2360 611 imperio,
2391 528 2611 611 primo

414 629 710 696 adventu
737 647 861 694 suo
889 626 1348 693 innumerabili
1375 628 1676 694 hostium
1723 631 1943 696 classe
1970 630 2336 695 ferventem
2381 631 2616 696 exclu-

413 732 503 797 sit
523 740 905 810 oceanum?
942 731 1449 815 exercitumque
1489 732 1706 811 illum,
1738 735 1855 816 qni
1886 733 2342 798 Bononiensis
2371 733 2613 817 oppidi

411 835 992 911 littus-insederat,
1022 839 1194 899 terra
1222 836 1476 918 pariter
1513 853 1597 899 ac
1638 838 1804 901 mari
1849 836 2084 920 sepsit,
2124 856 2275 900 cum
2315 837 2612 920 recipro-
2701 857 2705 860 ’

413 957 532 1003 cos
573 956 816 1004 cursus
861 938 1050 1002 illius
1096 937 1432 1017 elementi,
1468 937 1687 1021 jactis
1722 939 1899 1004 inter
1936 939 2151 1003 undas
2182 940 2403 1016 valliS,
2434 939 2608 1004 dire-

411 1041 675 1119 misset,
713 1048 810 1121 ut,
852 1059 1137 1124 quorum
1176 1046 1408 1124 portas
1451 1039 1699 1107 fluctus
1736 1042 2039 1120 allueret,
2074 1062 2255 1107 mare
2287 1047 2376 1120 et,
2426 1043 2604 1126 quod

410 1148 768 1227 tangerent,
811 1142 1283 1229 perdidissent.
1372 1146 1435 1209 3.
1481 1143 1628 1223 Qui
1666 1144 1900 1209 eodem
1946 1146 2253 1210 exercitu
2284 1144 2312 1183 ¹²
2356 1145 2601 1210 virtute

411 1254 652 1330 capto„
699 1247 1054 1312 clementia
1109 1253 1532 1325 conservato,
1582 1247 1738 1312 dum
1764 1276 1771 1282 ·
1793 1247 2209 1313 aedificandis
2260 1249 2600 1313 classibus

407 1347 780 1415 Britanniae
805 1350 1231 1433 recuperatio
1261 1358 1708 1433 comparatur,
1738 1358 1985 1416 terram
2017 1352 2427 1428 Bataviam,⁰
2472 1356 2597 1418 sub

405 1450 564 1534 ipso
595 1452 932 1536 quondam
962 1451 1238 1516 alumno
1263 1471 1386 1516 suo
1407 1448 1436 1488 ‘¹
1467 1473 1508 1516 a
1550 1452 1834 1518 diversis
1859 1452 2261 1519 Francorum
2293 1456 2602 1536 gentibus

408 1562 838 1637 occupatam,
869 1555 1049 1619 omni
1069 1555 1264 1619 hoste
1292 1555 1625 1639 purgavit,
1656 1575 1785 1620 nec
1815 1563 2171 1622 contentus
2197 1558 2463 1635 vicisse,
2492 1560 2597 1642 ip-

404 1675 519 1724 sas
566 1658 635 1724 in
680 1658 1019 1725 Romanas
1065 1658 1408 1723 transtulit
1452 1659 1807 1735 nationes:³
1851 1665 1923 1722 ut
1960 1678 2094 1723 non
2135 1660 2352 1724 solum
2384 1680 2591 1740 arma,

1325 1839 1351 1859 O
1358 1837 1693 1859 NOOOOOOOO‘

469 1957 603 2009 CAP.
626 1971 681 2008 ν.
730 1961 758 2005 1
780 1957 984 2008 Bertin.
1017 1958 1463 2021 annueritque—2
1487 1957 1587 2013 Qui
1621 1958 1799 2008 witus
1839 1960 1963 2023 Imp.
1996 1958 2206 2009 Puteol.
2247 1960 2475 2009 Rhenan.
2519 1960 2590 2010 H.

399 2022 584 2087 Steph.
605 2033 660 2072 et
683 2024 854 2072 Rivin.
909 2022 1169 2072 exereitum
1201 2027 1282 2087 qui
1318 2022 1523 2072 Puteol.
1559 2023 1793 2073 Rhenan.
1816 2024 1886 2073 Η.
1906 2023 2090 2088 Steph.
2125 2033 2178 2074 et
2204 2025 2377 2075 Rivin.
2410 2027 2593 2075 exerci-

400 2095 508 2138 tum
528 2088 680 2144 illam,
697 2088 779 2151 qui
806 2088 928 2138 Vet.
950 2088 1173 2137 Putean.
1197 2087 1425 2149 Gnelph.
1451 2088 1618 2138 Liviu.
1643 2090 1705 2140 P.
1726 2090 1907 2153 Stepb.
1961 2089 2312 2152 exercitamque
2342 2091 2490 2148 illim,
2511 2094 2595 2155 qui

401 2155 619 2217 Cuspin.
642 2154 797 2204 Grut.
861 2154 1123 2217 reciprocos
1139 2168 1306 2205 sensus
1340 2154 1466 2205 Vet.
1503 2154 1677 2204 Livin.
1710 2156 1915 2205 Bertin.
1952 2156 2081 2206 Exc.
2117 2155 2484 2205 Scbonhov.et
2506 2157 2592 2205 ed.

401 2220 624 2269 Froben.
647 2220 701 2269 in
733 2220 999 2281 margine3
1034 2220 1169 2268 unde
1192 2219 1453 2268 Livineius
1477 2219 1610 2282 conj.
1635 2225 1812 2279 oestus5
1845 2220 2029 2270 Arntz.
2071 2235 2192 2270 vero
2226 2222 2372 2270 malit
2390 2222 2595 2286 fluctus.

397 2284 416 2318 ‘
435 2285 579 2341 Mox,
599 2290 763 2347 portas
778 2283 966 2347 fluctus
986 2285 1177 2345 legitur
1192 2286 1242 2334 in
1267 2284 1383 2334 cod.
1407 2285 1520 2334 Liv.
1542 2293 1598 2334 et
1620 2286 1764 2334 Bert.
1796 2288 2014 2336 adlinet-at
2036 2285 2087 2334 in
2113 2287 2279 2350 Lsng.
2316 2287 2514 2346 Ceteri,
2536 2294 2596 2338 ut.

395 2365 589 2413 qnorum
608 2355 774 2413 portus
790 2348 954 2413 fluctu
972 2351 1187 2399 adiiceret
1206 2365 1353 2412 mare,
1386 2355 1432 2399 et
1454 2352 1576 2413 quod
1599 2356 1852 2414 tangerent
1868 2350 2199 2415 perdidissent.
2268 2351 2398 2402 Cod.
2419 2351 2592 2402 Moerl.

397 2414 677 2466 concordat
699 2416 812 2464 Liv.
839 2425 894 2466 et
917 2415 1066 2465 Bert.
1097 2417 1193 2464 nisi
1221 2416 1357 2480 quod
1379 2415 1438 2464 τὸ
1475 2420 1523 2464 et
1549 2426 1667 2478 post
1690 2432 1819 2466 mare
1848 2417 2058 2472 omittit,
2093 2425 2167 2466 et»
2188 2431 2283 2480 pro
2323 2423 2592 2480 tangerent,

392 2482 711 2543 perdidissent
734 2480 894 2530 habet
930 2485 1166 2544 tangeret,
1191 2480 1496 2544 perdidisset.
1566 2483 1680 2548 Vox
1701 2489 1880 2545 portas,
1905 2497 2005 2531 non
2029 2483 2185 2531 modo
2208 2497 2239 2531 a
2260 2482 2431 2533 Paris.
2468 2483 2592 2533 Pat.

398 2547 624 2607 Cellario
640 2555 875 2609 recepta,
894 2546 982 2593 sed
1008 2546 1161 2595 etism
1186 2562 1214 2594 a
1237 2548 1475 2596 Puteano
1497 2560 1526 2594 e
1550 2547 1729 2597 codice
1752 2550 1916 2597 veteri
1937 2548 2137 2610 prolate
2161 2555 2216 2597 et
2231 2548 2448 2612 probatu
2471 2546 2594 2605 fnit.

396 2612 637 2662 adductis
658 2612 788 2662 locis
811 2611 1011 2674 Paneg.
1035 2625 1112 2660 1v.
1130 2616 1180 2660 6.
1204 2614 1251 2659 1.
1266 2613 1284 2641 ‘
1310 2612 1423 2661 Illis
1446 2612 1568 2661 olim
1581 2614 1710 2662 meri
1730 2611 1883 2663 fretis
1900 2615 2178 2663 alluentem
2200 2623 2376 2676 portas
2394 2615 2592 2664 ademit

394 2678 666 2728 Oceanum
690 2677 727 2739 ;’
749 2682 805 2727 et
825 2678 1043 2725 Eumen.
1074 2679 1275 2740 Paneg.
1297 2677 1556 2727 Flaviens.
1580 2678 1803 2735 nomine,
1825 2693 1928 2727 vn.
1952 2684 2001 2729 2.
2035 2679 2051 2706 ‘
2074 2680 2333 2740 Navigera
2353 2677 2587 2739 flumina,

392 2743 536 2806 ipsas
559 2744 867 2807 oppidorum
894 2752 1069 2804 portas
1095 2741 1398 2792 adluentis)
1464 2744 1544 2792 De
1576 2751 1754 2794 cetero
1778 2759 1879 2793 non
1906 2758 2120 2794 necesse
2147 2754 2291 2799 est‚e
2319 2746 2477 2808 Lang.
2497 2759 2590 2807 pro

394 2809 596 2859 allueret
619 2806 906 2858 rescribere
929 2810 1133 2857 alluerat
1157 2822 1271 2856 cnm
1298 2808 1568 2867 Livinei03
1608 2817 1781 2874 potest
1803 2811 1940 2859 enim
1965 2810 2090 2859 illud
2132 2808 2445 2872 significare,
2480 2810 2497 2837 ‘
2514 2811 2587 2858 al-

392 2874 539 2922 luere
562 2874 688 2924 alies
709 2876 898 2922 soleret
916 2873 950 2933 ;’
982 2888 1081 2935 qua
1101 2874 1302 2922 ratione
1327 2873 1495 2922 Lirin.
1520 2874 1633 2935 ipse
1652 2874 1710 2924 τὺ
1725 2881 1984 2936 ,tangerent
2007 2876 2267 2937 exposuit.
2314 2876 2588 2961 Optimum

390 2938 518 2988 mihi
543 2947 596 2989 et
621 2940 927 2988 tutissimum
951 2939 1113 2987 visum
1139 2946 1236 3000 est,
1261 2939 1485 2988 retinere
1509 2940 1786 2990 lectionem
1811 2942 1980 2990 Paris.
2006 2942 2128 2990 Par.
2152 2950 2206 2989 et
2228 2942 2361 2990 Cen.
2398 2942 2584 3002 Joeger.

391 3003 528 3055 Vide
546 3006 702 3056 Nott.
728 3004 880 3053 Varr.
911 3018 1059 3065 mare,
1081 3005 1201 3067 quod
1222 3003 1396 3052 Moerl.
1418 3004 1645 3068 Guelph.
1668 3013 1722 3054 et
1746 3007 1874 3056 Exc.
1897 3006 2145 3055 Vnam—8
2164 3008 2180 3035 ‘
2200 3004 2491 3056 Schonhov.
2528 3006 2583 3054 in

388 3083 555 3132 marg.
575 3071 660 3120 ed.
678 3070 910 3119 Rhenun.
929 3069 1174 3131 ascripsit
1187 3070 1491 3130 Batavicam,
1503 3070 1596 3118 sed
1614 3071 1740 3119 nihil
1756 3069 2091 3120 mutandum)
2105 3071 2288 3132 Joeger.
2331 3071 2585 3122 Varaviam

386 3135 621 3199 Guelpb.
651 3143 704 3185 et
724 3137 853 3185 Exc.
885 3135 1035 3183 Voss.
1055 3133 1321 3182 Acidaliae
1342 3134 1488 3197 legit,
1509 3137 1595 3182 sub
1612 3137 1713 3198 ipso
1733 3137 1920 3198 quidem
1939 3136 2177 3186 molimine
2198 3152 2299 3185 suo.
2347 3136 2582 3187 Rhenun.

387 3201 570 3265 Steph.
595 3202 763 3252 Livin.
785 3209 841 3250 et
858 3200 1028 3249 Rivin.
1043 3200 1337 3249 Francorum
1351 3199 1795 3263 regibus,gentibus
1809 3217 1828 3259 ‚-
1859 3202 1947 3251 sed
1977 3203 2172 3264 regibus
2196 3201 2346 3251 deest
2367 3203 2418 3251 in
2460 3202 2581 3251 Vet.

380 3266 553 3318 -Putea
560 3282 607 3317 n.
619 3264 916 3318 Vet.Livin.
928 3266 1129 3315 Bertin.
1145 3266 1275 3314 Exc.
1289 3266 1449 3329 Lang.
1462 3266 1747 3317 Exc.Voss.
1757 3268 1883 3317 Exc.
1894 3266 2322 3318 Schonhov.Guel
2328 3267 2412 3331 ph.
2422 3268 2581 3319 etiem

1377 3411 1596 3464 NOTAE

453 3531 479 3557 ⁸
512 3521 728 3572 Exclusit
749 3521 992 3585 oceanum]
1033 3518 1304 3569 Detixisin
1330 3534 1448 3583 por·
1519 3520 1688 3572 bullus
1732 3528 1747 3550 ‘
1774 3522 2108 3587 Campaniam
2154 3519 2378 3570 terram’
2422 3520 2581 3572 dicit:

389 3605 472 3650 tus
496 3598 643 3648 aditu
666 3596 802 3646 saxis
824 3604 878 3646 et
901 3595 1154 3659 trabibus,
1172 3611 1235 3645 ue
1259 3596 1449 3645 Caran-
1515 3598 1533 3627 ‘
1552 3598 1672 3647 Non
1692 3597 1787 3648 tibi
1813 3600 1857 3647 si
1882 3598 2108 3663 pretium
2129 3596 2414 3662 Campanis
2436 3602 2581 3648 terra

381 3678 446 3727 sii
492 3674 688 3736 classis,
720 3686 834 3737 quoe
869 3686 1008 3721 oram
1050 3671 1182 3720 hanc
1219 3671 1450 3735 tenebat,
1518 3674 1767 3724 daretur?

384 3750 797 3804 Bononiensibus
821 3749 992 3798 venire
1029 3748 1217 3797 auxilio
1253 3741 1472 3813 posset.⁴
1582 3749 1607 3786 ἃ
1637 3751 1844 3800 Atamno
1884 3752 1993 3815 sao]
2029 3748 2279 3799 Cerausio
2313 3748 2579 3813 Menspioe

382 3832 521 3884 Vide
546 3831 743 3891 Paneg.
766 3841 821 3876 v.
842 3833 893 3877 6.
1517 3841 1625 3877 non
1647 3826 1698 3875 in
1725 3825 2011 3890 Hungaria,
2029 3825 2121 3876 sed
2145 3825 2196 3873 in
2221 3825 2468 3875 Flandris
2490 3842 2580 3877 na-

448 3908 474 3943 b
508 3910 686 3957 Eodem
699 3904 938 3968 exercitu]
973 3902 1036 3951 Id
1060 3908 1157 3958 est,
1180 3901 1444 3965 praesidia·
1516 3909 1642 3954 tum.
1949 3907 1966 3916 ‘'
2089 3944 2092 3947 ,

379 3986 472 4038 riis
495 4000 625 4051 quas
651 3980 929 4034 carausius
951 3980 1201 4030 Bononiae
1223 3980 1445 4030 colloca·
1579 3988 1603 4018 θ
1651 3979 1713 4029 In
1761 3979 1999 4029 Romanas
2046 3979 2295 4029 transtulit
2336 3976 2466 4040 nah]
2512 3978 2576 4029 In

380 4072 468 4115 rat
494 4064 672 4128 copiis.
1515 4058 1715 4109 Gallias
1753 4060 1993 4109 Romanis
2026 4058 2304 4122 subiectas,
2347 4067 2476 4119 puta
2519 4067 2577 4108 ut

445 4151 469 4178 ο
506 4143 702 4191 Terram
742 4137 1026 4201 Bataviam]
1063 4136 1183 4186 Non
1232 4136 1442 4186 Batavi·
1513 4135 1849 4191 Ambianum,
1915 4136 2268 4192 Bellovacnni,
2331 4133 2579 4184 Tricassi-

380 4232 516 4277 cnrn,
548 4225 608 4266 ut
643 4215 921 4264 ernendant
957 4211 1135 4275 aliqui.
1205 4213 1340 4261 Nam
1369 4212 1445 4261 sic
1515 4230 1637 4265 num
1672 4221 1728 4263 et
1751 4214 2086 4275 Lingonicum
2119 4227 2296 4278 agrurn
2327 4213 2581 4266 colerent.

376 4295 618 4345 Catullus
639 4297 654 4324 ‘
679 4292 1019 4343 Celtiberiam
1035 4291 1264 4352 terram:
1280 4298 1336 4341 et
1358 4292 1445 4341 Ti·
1526 4292 1726 4354 Paneg.
1749 4303 1801 4339 v.
1825 4293 1907 4341 21.
