3084 4959
513 388 687 455 1130
1285 402 1354 451 c.
1398 402 1466 450 c.
1513 401 1952 454 scflvunzu

1462 708 1468 713 ,
1555 632 1701 697 111.

600 755 744 821 Hic
791 772 954 822 vero
1010 752 1490 838 Panegyricus,
1535 768 1739 833 quem
1778 767 1957 814 nuuc
2007 750 2484 820 illustrandum
2530 753 2727 819 nobis

516 858 906 934 sumsimu3‚
967 855 1172 942 vulgo
1226 853 1506 938 quidem
1570 852 1867 917 Claudio
1922 851 2348 931 Mamertino,
2411 851 2729 938 tanquam

515 960 795 1037 auctori,
823 957 1022 1028 hodie
1056 957 1452 1024 ascribitur:
1497 973 1604 1019 res
1638 962 1883 1033 tamen,
1914 955 1975 1020 si
2005 954 2301 1038 penitius
2330 956 2731 1035 excutiatur,

512 1080 650 1125 non
696 1081 931 1147 parum
972 1061 1186 1126 dubia
1227 1047 1509 1124 ituatur.
1599 1058 1800 1124 Certe
1837 1059 1905 1122 in
1950 1065 2189 1123 nostro
2221 1057 2461 1123 codice
2489 1077 2732 1124 nomeu

518 1160 903 1252 Mamertini
936 1161 1116 1226 haud
1149 1160 1703 1245 deprehenditur:
1749 1180 1906 1228 cum
1947 1161 2069 1239 ibi,
2114 1160 2293 1244 quod
2331 1162 2474 1245 jam
2519 1179 2731 1244 supra

510 1265 920 1342 notavimus,
980 1263 1131 1328 haec
1182 1263 1540 1348 inscriptio
1599 1263 1811 1327 minio
1864 1263 2131 1346 signata
2190 1264 2318 1328 sit:
2372 1260 2732 1327 Genthliaci

514 1363 816 1432 Rhetoris
883 1365 1103 1450 optimi
1181 1362 1621 1450 Panegyricus
1691 1362 1890 1427 dictus
1954 1361 2129 1428 Divo
2196 1362 2385 1428 Max.
2454 1363 2732 1450 August.

515 1467 808 1546 Nescio,
841 1487 928 1531 an
983 1467 1169 1532 rudis
1216 1467 1529 1531 librarius
1570 1485 1662 1532 ex
1695 1469 2003 1551 sequenti
2056 1468 2476 1553 Panegyrico
2505 1468 2732 1535 Gene-

514 1570 794 1645 thliaco‚
845 1569 1080 1634 itidem
1117 1568 1530 1633 Maximiano
1576 1567 1761 1651 Aug.
1796 1569 2008 1649 dicto,
2069 1592 2311 1636 nomen
2348 1570 2730 1649 Gentlrliaci,

514 1678 835 1756 tanquam
901 1672 1269 1756 proprium,
1324 1669 1615 1746 finxerit,
1678 1676 1751 1736 et
1814 1671 1947 1736 huc
2004 1675 2454 1756 transtulerit3
2500 1693 2589 1739 an
2641 1676 2729 1739 ab

512 1773 702 1838 initio
757 1774 1178 1858 simpliciter,
1239 1775 1385 1838 sine
1444 1773 1713 1839 nomine
1765 1775 2089 1855 auctoris,
2137 1778 2464 1861 scriptum
2505 1777 2730 1855 fuerit,

522 1873 960 1940 Genethliacus
994 1875 1427 1963 Panegyricus
1459 1873 1856 1940 Maximiano
1901 1876 2075 1964 Aug.
2118 1879 2359 1948 dictus:
2407 1880 2571 1962 quia
2622 1879 2733 1943 hic

512 1980 668 2063 ipse
698 1978 1155 2063 Panegyricus
1188 1979 1298 2042 die
1330 1978 1546 2043 natali
1575 1980 1761 2043 urbis
1788 1978 2034 2045 Romae
2066 1980 2337 2045 habitus
2369 1987 2495 2044 est.
2586 1980 2652 2045 N
2658 2000 2731 2045 e-

513 2102 649 2168 que
680 2084 854 2147 enim
885 2091 1016 2160 est,
1042 2081 1225 2165 quod
1260 2082 1665 2162 cogitemus,
1692 2080 1825 2145 hoc
1858 2102 2104 2147 nomen
2134 2083 2484 2166 proprium
2511 2082 2729 2149 fuisse

512 2184 802 2268 alicujus
834 2182 1147 2249 Oratoris
1178 2184 1375 2248 istius
1405 2184 1579 2248 oevi:
1627 2203 2011 2269 quanquam
2055 2186 2272 2251 simile
2304 2185 2585 2250 invaluit
2609 2206 2733 2250 no-

513 2303 710 2370 men:
753 2305 908 2352 cum
952 2285 1373 2370 Augustinus
1402 2286 1699 2370 epistola
1728 2301 2006 2352 cnxrn.
2039 2307 2218 2354 anno
2263 2288 2537 2375 quidem
2569 2288 2729 2354 399.

512 2390 791 2474 scripta,
839 2390 1243 2455 mentionem
1289 2389 1526 2455 fecerit
1575 2390 1866 2477 alicujus
1912 2391 2273 2469 Genethlii,
2320 2395 2542 2458 beatae
2586 2411 2733 2456 me-

512 2494 772 2571 moriae,
803 2493 916 2558 eui
947 2493 1018 2556 in
1045 2512 1319 2557 munere
1357 2511 1555 2557 sacro
1588 2496 1997 2559 successerit
2027 2493 2351 2561 Aurelius
2381 2491 2734 2578 Carthagi-³

512 2594 785 2661 niensis.
860 2596 1159 2673 Interim,
1189 2595 1260 2659 in
1292 2596 1518 2678 priore
1550 2596 1722 2661 libro
1747 2595 2088 2674 Gudiano,
2119 2617 2210 2661 ex
2241 2598 2378 2662 alio
2405 2597 2555 2663 cod.
2588 2595 2731 2662 Ms.

511 2696 692 2761 idem
722 2697 862 2762 fere
893 2697 1129 2764 titulus
1159 2698 1261 2762 sic
1293 2697 1733 2782 exprimitur:
1788 2696 1859 2763 V.
1888 2695 1966 2762 C.
1999 2696 2413 2775 Genethliaci,
2439 2697 2731 2763 Rhetoris

522 2796 789 2883 Optimi,
823 2796 1196 2887 τανηγυρεκὸς
1228 2800 1431 2865 dictus
1462 2799 1635 2865 Divo
1667 2798 2067 2865 Maximiano
2108 2799 2282 2888 Aug.
2370 2802 2452 2867 In
2484 2801 2730 2866 eodem

509 2902 685 2967 libro
738 2902 1078 2981 Gudiano,
1119 2921 1208 2967 ex
1255 2904 1392 2968 alio
1433 2903 1671 2968 codice
1715 2903 1858 2968 Ms.
1900 2904 2015 2969 hic
2061 2905 2294 2969 titulus
2323 2904 2727 2970 exhibetur:

513 3004 941 3091 Panegyricus
1000 3003 1403 3069 Maximiano
1447 3003 1753 3069 Herculio
1808 3003 2325 3091 Diocletianoque
2372 3005 2441 3070 in
2493 3003 2727 3070 Natali

520 3105 708 3172 Urbis
739 3106 959 3196 dictus.
1051 3110 1135 3174 In
1167 3110 1378 3174 altero
1407 3127 1576 3173 vero
1618 3108 1793 3173 libro
1826 3107 2152 3173 Gudiano
2181 3115 2570 3175 annotatum
2599 3114 2725 3188 est,

509 3212 579 3276 in
612 3211 911 3294 quodam
940 3211 1095 3276 cod.
1128 3211 1264 3276 Ms.
1297 3212 1496 3296 plane
1526 3211 1767 3276 deesse
1801 3211 2071 3276 titulum
2101 3210 2260 3275 huic
2295 3212 2731 3297 Panegyrico,

509 3314 624 3398 qui
655 3314 754 3377 ibi
780 3315 954 3378 inter
984 3321 1250 3379 ceteros
1281 3321 1664 3378 numeretur
1697 3330 1777 3377 x.
1850 3312 2077 3377 Etiam
2100 3310 2341 3377 Claud.
2369 3313 2726 3380 Puteanus

497 3415 646 3500 Jam
678 3416 1053 3493 annotavit,
1082 3416 1351 3480 titulum
1381 3414 1587 3498 hujus
1619 3415 2025 3500 Panegyrici
2072 3418 2256 3482 varie
2287 3417 2356 3479 in
2387 3416 2576 3481 libris
2604 3437 2726 3482 no·-

508 3518 657 3583 tari.
731 3516 1127 3601 Aliquando
1155 3518 1255 3583 ita
1284 3518 1600 3583 inscribi:
1650 3516 1729 3584 F.
1761 3515 2159 3583 Genethliaci
2183 3516 2481 3583 Rhetoris
2509 3518 2730 3603 optimi

505 3622 881 3706 πανηγυρικὸς
938 3618 1140 3684 dictus
1196 3617 1371 3684 Divo
1424 3619 1827 3685 Maximiano
1880 3619 2055 3707 Aug.
2144 3620 2534 3707 Aliquando
2576 3623 2724 3689 sic:

511 3720 952 3810 Panegyricus
1004 3722 1423 3804 MaximianO,
1469 3723 1547 3789 de
1595 3723 1803 3789 natali
1850 3723 2067 3790 Roma:
2118 3722 2238 3788 die.
2326 3724 2725 3808 Aliquando

505 3828 682 3892 hunc
733 3829 805 3890 in
854 3827 1172 3892 modum:
1221 3825 1459 3892 Incerti
1505 3826 1801 3892 Auctoris
1847 3825 2266 3891 Maximiano.
2352 3823 2584 3911 Atque
2624 3828 2729 3893 ita

508 3932 715 3997 etiam
745 3929 815 3993 in
847 3929 1158 4013 principe
1187 3930 1477 3997 editione
1510 3931 1758 3996 Franc.
1796 3929 2156 3996 Puteolani
2199 3930 2308 3994 hic
2340 3930 2582 3995 titulus
2607 3950 2724 3996 ex-

507 4049 712 4098 cusus
765 4040 909 4097 est:
958 4030 1393 4117 Panegyricus
1441 4032 1865 4111 Maximiano,
1911 4030 2449 4117 Diocletianoque,
2502 4031 2726 4098 dictus.

507 4132 648 4215 Qui
680 4133 926 4200 titulus
966 4134 1169 4199 etiarn
1214 4136 1286 4198 in
1328 4135 1732 4221 cuspiniani
1778 4135 2076 4201 editione
2120 4135 2484 4199 invenitur.
2578 4135 2727 4202 Pri—

506 4253 685 4314 muS,
716 4245 1047 4322 quantum
1076 4238 1276 4303 nobis
1323 4246 1615 4320 constat,
1646 4241 1906 4307 Beatus
1939 4237 2311 4302 Rhenanus
2340 4237 2411 4301 in
2439 4238 2726 4324 impres·

508 4340 603 4408 sis
649 4340 824 4408 hanc
884 4341 1391 4428 inscriptionem
1433 4342 1786 4413 exhibuit:
1848 4338 2286 4428 Panegyricus
2323 4336 2725 4410 Maximiano
