3084 4959
455 348 629 418 1328
1113 363 1426 413 mosam
1481 360 2029 412 muneramus

454 531 676 580 rerum
705 509 999 577 sustines
1026 510 1272 575 molem
1300 509 1669 592 incipiente
1702 508 2000 573 Virtutes·
2041 507 2461 576 &Gesseris
2488 508 2670 574 enim

459 616 673 681 multa
700 614 962 679 fortiter
988 614 1169 691 licet,
1198 613 1412 678 multa
1441 611 1800 694 sapienter,
1832 630 1985 676 cum
2014 629 2136 695 per
2175 612 2520 677 maximos
2556 613 2666 677 tri-

457 718 747 782 bunatus
769 717 793 755 ⁸
836 714 1171 799 stipendia
1199 714 1418 798 prima
1448 713 1866 794 conficeres3
1913 714 2197 794 sentiae,
2229 734 2505 780 necesse
2535 722 2667 795 est,

457 825 671 883 tantae
692 816 1010 900 auspicia
1025 816 1339 894 fortunae,
1364 814 1743 898 Imperator
1761 812 2182 881 adolescens.
2257 814 2666 900 Quanquam

459 920 624 1005 quid
667 940 791 1003 ego
833 920 904 983 in
944 926 1013 984 te
1058 919 1284 983 aetatis
1324 924 1463 982 tuae
1504 918 1754 1001 potine,
1793 936 1997 1000 quam
2036 918 2388 1000 gravitatis
2430 939 2669 985 nomen

458 1044 717 1107 usurpo
739 1024 769 1086 'l
813 1023 1244 1107 cujus-tanta
1280 1021 1633 1085 maturitas
1677 1026 1804 1096 est,
1835 1024 1934 1098 ut,
1964 1038 2119 1084 cum
2162 1020 2289 1085 tibi
2324 1027 2520 1104 pater
2547 1022 2670 1086 im-

458 1128 713 1212 perium
748 1124 1152 1207 reliquisset,
1184 1123 1481 1188 Caesaris
1511 1130 1739 1187 tamen
1780 1122 2234 1206 appellatione
2274 1128 2623 1188 contentus
2640 1119 2672 1162 ‘¹‘

461 1233 823 1312 expectare
865 1226 1215 1304 malueris,
1247 1232 1319 1292 ut
1361 1226 1539 1290 idem
1592 1233 1685 1305 te,
1719 1226 1836 1308 qui
1879 1225 2092 1304 illum,
2120 1225 2498 1291 declararet
2532 1225 2675 1290 Au·

459 1338 752 1414 gustum.
837 1330 906 1392 4.
951 1328 1302 1412 Siquidem
1332 1329 1561 1412 ipsum
1592 1327 1945 1410 imperium
1988 1328 2118 1393 hoc
2149 1328 2294 1393 fore
2320 1327 2670 1411 pulchrius

450 1432 840 1519 judicabaS,
882 1431 943 1495 si
996 1430 1068 1494 id
1112 1449 1243 1496 non
1284 1430 1781 1495 haereditarium
1823 1450 1914 1495 ex
1957 1430 2385 1495 successione
2424 1430 2669 1495 crevis-

461 1552 594 1613 seS‚
625 1533 748 1598 sed
776 1532 1129 1600 virtutibus
1159 1532 1289 1599 tuis
1319 1532 1620 1598 debitum
1651 1552 1695 1597 a
1721 1551 1983 1598 summo
2008 1532 2425 1615 Imperatore
2457 1552 2673 1597 meru-

462 1656 667 1702 isses.

548 1738 731 1803 CAP.
780 1753 880 1801 vl.
969 1735 1059 1802 1..
1084 1736 1331 1821 Neque
1364 1738 1540 1803 enim
1574 1737 1878 1816 dubium,
1910 1739 2073 1822 quin
2105 1738 2232 1803 tibi
2271 1743 2530 1804 mature
2561 1756 2673 1803 sa-

462 1860 647 1906 crum
691 1840 877 1905 istud
923 1840 1262 1921 fastigium
1307 1840 1557 1906 divinae
1601 1842 1959 1924 potestatis
2014 1848 2368 1920 astrueret,
2425 1841 2542 1924 qui
2600 1847 2673 1904 te

452 1944 597 2028 jam
646 1942 807 2007 olim
853 1942 986 2007 sibi
1037 1962 1379 2025 generum,
1423 1942 1631 2008 etiam
1679 1945 1837 2006 ante
1887 1962 2089 2026 quam
2136 1950 2365 2025 petere
2409 1961 2675 2026 posseS,

466 2050 708 2128 sponte
735 2044 1103 2127 delegerat.
1190 2045 1255 2112 2.
1302 2044 1462 2109 Hoc
1492 2045 1694 2122 enim,
1727 2049 1798 2108 ut
1828 2044 2052 2121 audio,
2084 2044 2310 2127 imago
2349 2044 2515 2109 illa·
2561 2043 2674 2108 de-

465 2147 682 2211 clarat
730 2147 798 2210 in
845 2145 1275 2230 Aquileiensi
1327 2141 1637 2228 palatio,f
1677 2145 1765 2209 ad
1815 2146 2041 2229 ipsum
2094 2146 2390 2211 convivii
2447 2146 2676 2229 posita

465 2255 835 2333 aspectum,
886 2250 1005 2313 ubi
1055 2248 1280 2332 puella
1320 2247 1466 2332 jam
1515 2249 1747 2313 divino
1796 2248 2040 2314 decore
2089 2249 2509 2327 venerabiIiS,
2558 2245 2675 2312 sed

463 2350 686 2416 adhuc
715 2352 933 2435 impar
959 2351 1143 2417 oneri
1173 2370 1320 2430 suo,
1352 2353 1662 2430 sustinet,
1691 2358 1901 2435 atque
1933 2350 2123 2417 offert
2150 2351 2275 2417 tibi
2303 2351 2504 2417 etiam
2532 2358 2675 2415 tum

531 2556 558 2582 ⁸
596 2551 658 2599 Et
681 2551 769 2601 Ιιιιο
799 2550 956 2614 prima
984 2555 1128 2601 oetate
1150 2565 1440 2602 summarum
1465 2565 1626 2601 rerum
1644 2555 1893 2614 gestarum
1912 2550 2075 2614 gloria
2091 2554 2369 2615 praestares.

535 2612 558 2646 ⁶
588 2616 841 2666 Maximus
863 2616 1101 2666 tribunus.

1395 2727 1724 2750 OOOOOOOOOOO
1727 2726 1758 2747 O

1528 2768 1538 2779 ι

467 2855 607 2892 eursu
629 2856 676 2890 υ.
696 2850 940 2907 provectos
954 2859 975 2901 ,-
1014 2844 1142 2893 Exe.
1167 2843 1331 2905 Lang.
1350 2848 1404 2891 et
1426 2838 1552 2891 edd.
1573 2847 1797 2891 recentt.
1847 2847 2120 2905 praevectos,
2148 2841 2286 2906 qnod
2310 2856 2409 2893 nou
2434 2842 2680 2905 displicet

470 2907 701 2957 Grutero
734 2923 749 2957 z
793 2909 870 2958 sic
914 2909 1073 2958 etiam
1119 2909 1255 2971 conj.
1297 2906 1504 2957 Acidal.
1550 2910 1565 2936 ‘
1602 2906 1743 2955 Male
1786 2906 2013 2970 Guelph.
2051 2907 2387 2970 incipientem!
2428 2907 2681 2957 Arma.—

470 2975 500 3021 8
537 2972 767 3036 Guelph.
797 2974 907 3022 lieet
934 2975 1081 3022 multa
1100 2972 1322 3033 sortiter.
1378 2972 1526 3033 Mox,
1543 2972 1701 3035 prima
1725 2967 1872 3021 deest
1895 2973 1945 3021 iu
1973 2973 2189 3035 Cuspio.
2243 2973 2497 3036 Stipendia
2517 2972 2680 3036 patria

470 3036 708 3086 Rhenan.
740 3036 812 3085 H.
849 3045 905 3088 et
944 3039 1009 3087 P.
1040 3038 1219 3099 Steph.
1250 3044 1308 3086 et
1342 3037 1518 3086 Rivin.
1570 3036 1811 3099 stipendia
1839 3037 2025 3101 publica
2053 3037 2283 3101 Guelph.
2339 3037 2487 3087 Idem
2511 3036 2681 3087 codex

469 3115 611 3164 mox,
634 3103 884 3166 imperium
903 3106 1059 3165 pater.
1111 3104 1346 3152 Rhenan.
1370 3101 1442 3151 H.
1467 3109 1522 3150 et
1547 3102 1611 3150 P.
1634 3102 1818 3162 Steph.
1840 3103 2043 3150 declaret
2058 3118 2078 3160 ,·
2115 3104 2237 3152 Vet.
2261 3104 2488 3152 Putean.
2510 3102 2680 3150 Livin-

470 3174 526 3217 εί
551 3174 777 3216 reeentt.
807 3168 1188 3217 declararem—4
1223 3167 1403 3215 Codex
1429 3167 1685 3229 Bongars.
1716 3165 1785 3229 ip.
1809 3166 2060 3230 imperium
2081 3166 2281 3226 hiesore
2293 3184 2314 3226 ‚-
2346 3183 2410 3216 ex
2436 3182 2538 3233 quo
2558 3175 2680 3217 eon*

464 3230 690 3294 jiciebat
713 3232 989 3294 legendum
1010 3232 1106 3280 hie.
1160 3233 1397 3295 Sequens
1418 3232 1463 3278 si
1485 3231 1538 3279 id
1562 3231 1785 3279 assernit
1808 3232 1977 3280 Liviu.
1999 3231 2065 3280 ad
2092 3234 2309 3283 Eumen.
2339 3248 2432 3295 pro
2450 3234 2681 3283 Instaur-

469 3296 645 3346 Schol.
691 3310 817 3347 xvi.
858 3300 908 3345 4.
961 3296 1246 3346 successione
1277 3296 1478 3359 cepisses
1510 3295 1684 3345 Μαι-1.
1728 3295 1870 3346 Gnd.
1920 3295 2159 3347 Rhenan.
2195 3298 2377 3359 Steph.
2420 3298 2589 3347 Lirin.
2625 3304 2683 3346 et
2787 3307 2805 3327 ³

471 3359 705 3411 Patarol.
759 3375 802 3410 s.
835 3360 1051 3424 eoepisses
1087 3361 1301 3425 Cuspiu.
1352 3375 1394 3408 s.
1422 3361 1646 3409 crevisses
1682 3361 1807 3411 Vet·
1839 3361 2004 3411 Livin-
2032 3362 2236 3412 Bertin.
2273 3362 2596 3413 Parisienses
2625 3370 2683 3412 et

473 3424 679 3540 0833..
702 3500 781 3537 vr.
831 3491 858 3537 1
888 3483 911 3518 '‘
932 3488 1164 3550 Gnelph.
1183 3502 1281 3537 esse
1301 3493 1414 3537 ante
1433 3503 1591 3551 quam,
1619 3491 1705 3551 ξε.
1741 3487 1833 3538 sed
1858 3490 2122 3553 vulgatum
2146 3497 2226 3541 est
2248 3488 2470 3540 fortius.'
2504 3490 2683 3540 Arntz.

472 3557 573 3604 -2
602 3554 637 3608 J
644 3547 817 3605 uretud
839 3553 972 3619 conj.
993 3555 1056 3603 ad
1070 3555 1222 3617 ipsum
1239 3552 1479 3603 connubii.
1532 3552 1667 3604 Vide
1694 3554 1845 3606 Nott.
1862 3555 2014 3606 Varr.
2081 3555 2188 3606 Pro
2209 3556 2431 3621 sustinet,
2451 3555 2686 3608 Rhenan-

1462 3700 1688 3754 NOTAE

473 3810 681 3848 cursum
717 3798 889 3848 oetatis
926 3812 1030 3847 non
1067 3796 1455 3863 expectandum
1487 3797 1540 3847 in
1623 3797 1869 3863 quiddam
1891 3803 1995 3861 est,
2018 3810 2168 3864 quam
2192 3801 2254 3849 ut
2289 3799 2459 3864 locum
2496 3796 2687 3848 lrabeat

472 3871 811 3923 festinatione
845 3873 1088 3925 virtutis?
1622 3875 1677 3925 iu
1698 3875 1929 3925 historia.

539 3946 564 3982 ‘¹
596 3946 927 4011 Appellatione
952 3948 1224 4013 contentus]
1259 3950 1401 4000 Huic
1423 3950 1542 4000 loeo
1688 3948 1710 3985 t
1756 3949 2058 4014 Aquileiensi
2098 3948 2305 4015 palatio]
2349 3949 2591 4015 Aquileia
2634 3951 2687 4000 iu

473 4024 807 4073 consentiunt
827 4026 1129 4090 Eutropius,
1143 4026 1397 4090 Zosimus,
1416 4026 1540 4077 Vic-
1623 4026 1782 4076 Italia
1821 4027 2110 4077 Carnorum
2176 4026 2495 4090 metropolis,
2548 4028 2687 4078 iuter

465 4104 578 4160 ⁴tor,
598 4102 698 4150 διο.
1624 4102 1968 4153 Concordiam
2004 4102 2186 4152 urbem
2211 4100 2278 4151 ad
2306 4101 2651 4153 Occidentem
2672 4119 2689 4166 ς

537 4182 561 4210 Β
595 4175 763 4237 Imago
784 4175 894 4239 illa]
929 4176 1010 4225 De
1041 4175 1264 4241 imagine
1294 4179 1397 4228 ista
1427 4179 1540 4228 uul-
1622 4179 1952 4243 Tergestum,
1995 4178 2062 4228 ad
2103 4176 2413 4241 Orientem3
2444 4184 2502 4229 et
2539 4181 2689 4231 ‘mare

471 4251 585 4314 libi,
607 4253 745 4316 quod
777 4253 962 4317 sciam,
984 4260 1329 4317 praeterquam
1364 4254 1542 4305 hocin
1625 4254 1979 4318 Adriaticum,
2022 4254 2088 4305 ad
2134 4253 2456 4317 Meridiem;
2502 4270 2534 4309 ι
2564 4271 2688 4324 ‘quo

473 4330 592 4380 loco
615 4327 812 4380 mentio
842 4336 939 4393 est,
976 4329 1069 4402 sed
1108 4330 1348 4381 nimirum
1373 4331 1541 4382 levius
1625 4332 1715 4383 vix
1737 4336 1788 4382 9.
1809 4331 2018 4383 milliar.
2041 4330 2220 4383 distat.
2251 4330 2470 4395 aquilea.
