3084 4959
943 388 1060 440 Μ..
1106 388 1523 438 ‘rnssonosn
1575 388 1848 439 mmm.
2322 372 2497 442 1549

290 540 645 602 evocatum
676 552 829 600 esse
859 531 1073 619 aliqui
1102 539 1432 611 asserunt,
1465 553 1748 618 eumque
1787 553 1831 598 a
1872 532 2121 598 Serena
2152 532 2496 599 Stiliconis

287 637 571 722 conjuge
597 643 666 701 et
695 636 1069 701 Theodosii
1114 656 1201 701 ex
1245 636 1450 701 fratre
1491 644 1700 719 nepte
1745 635 1830 701 ad
1877 656 2024 700 eum
2069 655 2220 701 esse
2251 635 2499 703 deduc-

285 747 451 814 tum,
486 758 568 804 ac
601 737 958 802 Stiliconis
989 738 1224 802 tutelae
1256 738 1717 801 commissum.
1790 738 1925 801 His
1955 740 2158 803 rebus
2184 740 2284 804 ita
2313 758 2498 805 com-

283 841 535 927 positis
587 839 1009 905 Theodosius
1056 860 1233 925 aqua
1290 840 1619 905 intercute
1675 855 1877 903 xvn.
1942 839 2098 904 Kal.
2159 839 2355 905 Febr.
2407 842 2494 907 de

282 950 503 1020 nocte,
536 963 692 1008 cum
731 937 883 1027 ipse
930 962 1125 1007 mane
1172 943 1349 1009 ludis
1397 944 1812 1009 circensibus
1853 941 2289 1022 interfuisset,
2328 945 2498 1011 obiit

286 1047 512 1112 aetatis
556 1065 725 1110 anno
767 1065 902 1111 non
940 1046 1046 1111 60.
1093 1054 1168 1111 ut
1199 1047 1344 1111 vult
1373 1046 1714 1125 Socrates,
1747 1045 1867 1110 sed
1899 1047 2005 1110 50.
2038 1045 2303 1134 imperii
2332 1065 2493 1114 vero

283 1147 397 1215 1¹7.
487 1146 757 1228 Victor,
815 1148 1126 1232 Prosper,
1175 1146 1631 1212 Marcellinus
1721 1147 1989 1231 Corpus
2051 1148 2197 1233 ejus
2256 1168 2495 1232 magna

284 1270 541 1336 pompa
570 1249 1232 1333 Constantinopolim
1263 1251 1653 1326 translatum
1685 1250 1915 1334 ibique
1949 1250 2279 1333 sepultum
2324 1259 2449 1317 est.

378 1351 541 1417 Non
573 1352 744 1417 alius
769 1352 1127 1435 imperator
1155 1357 1275 1416 aut
1302 1352 1497 1435 plura
1520 1357 1635 1416 aut
1655 1351 2026 1417 difficiliora
2053 1352 2236 1418 bella
2256 1353 2494 1420 fortius

290 1454 628 1539 suscepit,
661 1454 958 1519 confecit
986 1456 1269 1520 celerius
1300 1460 1368 1519 et
1395 1455 1781 1537 gloriosiuS,
1812 1460 1885 1519 ut
1910 1453 2206 1521 dubitari
2247 1458 2494 1539 possit,

290 1556 527 1623 fortior
552 1555 777 1634 fuerit,
803 1576 891 1620 an
925 1555 1205 1623 felicior.
1289 1556 1453 1622 Non
1484 1557 1617 1621 sibi
1646 1555 1766 1621 sed
1799 1557 1954 1621 aliis
1982 1558 2336 1626 vincebat:
2365 1579 2494 1648 ,op÷

284 1677 668 1744 pressorum
711 1678 941 1740 regum
973 1658 1281 1725 defensor
1324 1660 1522 1725 simul
1563 1665 1631 1724 et
1671 1660 2191 1736 strenuissimuS,
2223 1669 2292 1727 et
2320 1664 2490 1728 inte-

287 1762 633 1845 gerrimuS.
721 1758 849 1825 Vir
894 1761 1113 1827 animo
1164 1782 1381 1829 rerum
1435 1764 1734 1829 omnium
1784 1764 2052 1846 capaci,
2097 1764 2369 1849 quique,
2419 1771 2494 1831 ut

286 1880 533 1929 nomen
579 1863 806 1945 ipsum
849 1862 1218 1944 indicabat,
1251 1865 1339 1930 ad
1382 1865 1594 1931 totius
1634 1867 1813 1930 orbis
1850 1866 2102 1930 bonum
2144 1872 2214 1931 et
2256 1886 2492 1951 pacem

290 1965 518 2029 divino
580 1963 871 2048 quodam
946 1985 1213 2032 munere
1288 1986 1671 2032 concessusx
1722 1966 2072 2033 videretur.
2159 1966 2272 2034 Ad
2342 1970 2489 2036 haec

291 2065 691 2133 Christianae
734 2067 1076 2150 religionis
1123 2069 1374 2154 pietate
1420 2070 1727 2149 insignis,
1756 2078 2082 2154 perpetua
2124 2072 2286 2138 belli
2330 2094 2492 2139 con-

288 2169 641 2235 suetudine
684 2169 961 2234 nihilum
1009 2170 1345 2251 efferatuS,
1377 2174 1445 2237 in
1476 2191 1710 2237 omnes
1742 2172 2111 2252 officiosus,
2136 2175 2489 2258 imperato-

285 2290 438 2337 rum
482 2271 650 2336 nulli
693 2271 1051 2351 secundus,
1110 2275 1172 2339 si
1217 2275 1305 2341 ad
1353 2283 1622 2342 ceteras
1675 2276 1952 2344 virtutes
2010 2278 2082 2343 in
2137 2277 2490 2345 iracundia

287 2373 660 2441 moderatio
690 2378 1129 2443 accessisset.⁴

2474 2533 2485 2563 l
