3084 4959
1117 358 1411 409 sacam
1465 358 1886 410 austurio.
2439 346 2612 416 1111

483 506 877 590 Affulgebat
921 504 1082 572 olim
1131 525 1295 590 spes
1340 505 1573 590 aliqua
1620 525 1845 585 novae,
1887 489 2611 594 praestan'tissimaeque

394 611 708 677 editionis
746 609 990 675 horum
1032 608 1621 694 Panegyricornm,
1649 627 1806 673 cum
1853 627 2082 675 curam
2115 628 2344 676 eornm
2379 629 2611 678 susce·

396 715 620 799 pisset
666 710 744 776 G.
773 711 865 777 G.
893 710 1343 791 Schwarzius,
1390 711 1533 795 qni,
1586 716 1832 794 praeter
1880 705 2210 795 insignem
2264 714 2607 780 literarum

393 816 763 895 scientiam,
785 814 1096 880 codicem
1143 813 1281 880 Ms.
1311 813 1611 880 habebat
1640 814 2107 899 perantiquum
2136 822 2204 882 et
2224 816 2613 900 egregium:=

392 918 587 1003 cujus
635 937 769 1003 ope
811 917 1046 982 multis
1092 917 1266 982 locis
1309 917 1661 1001 utriusque
1691 916 2035 984 Orationis
2066 917 2461 1010 Mamertini
2503 938 2609 984 se-

394 1024 621 1102 nioris,
661 1029 731 1087 et
778 1021 1100 1106 Drepanii
1140 1020 1548 1086 medicinam
1590 1022 1833 1088 attolit.
1922 1022 2057 1088 Sed
2111 1042 2264 1088 cum
2319 1022 2626 1090 aiiornm‘.

390 1125 701 1191 laborum
734 1125 1075 1200 varietate,
1105 1131 1176 1188 et
1213 1122 1658 1203 multitudine,
1698 1130 1842 1188 tum
1877 1124 2223 1208 praecipue
2263 1124 2501 1190 studio
2531 1125 2606 1192 in

390 1227 878 1312 Panegyricum
910 1225 1117 1291 Plinii
1147 1224 1419 1301 collato,
1450 1224 1818 1304 districtus,
1849 1233 2010 1310 anto
2043 1228 2341 1292 excessit
2369 1245 2408 1291 e
2442 1227 2600 1302 vita,

389 1349 594 1414 qnam
645 1347 893 1394 exorsa
940 1327 1387 1394 dotexnisset.
1492 1326 1666 1394 Post
1712 1329 1862 1415 ejus
1910 1329 2168 1394 obitum
2214 1328 2439 1394 codex
2486 1329 2604 1395 illo

389 1451 859 1515 possessorem
902 1431 1178 1496 sortitus
1235 1438 1346 1495 est
1395 1430 1611 1518 virum
1661 1450 1924 1496 summe
1968 1430 2440 1509 venerabilem,
2480 1430 2604 1498 Jo-

388 1534 659 1618 Sigism.
703 1533 1076 1615 Moerlinm,
1132 1531 1533 1598 Antistitem
1580 1532 1757 1600 Rev.
1802 1533 2163 1600 Ministerii
2208 1533 2602 1599 Norimber-

389 1638 642 1719 gensis,
673 1645 747 1702 et
776 1637 1242 1703 Professorem
1272 1636 1693 1720 primarium,
1725 1636 1834 1703 cui
1868 1655 2090 1717 sacra,
2128 1642 2197 1702 et
2239 1635 2459 1702 literae
2500 1635 2598 1701 in-

386 1741 605 1824 signia
634 1739 990 1806 commoda
1018 1746 1085 1806 et
1114 1739 1525 1805 incrementa
1553 1739 1823 1818 debent,
1854 1747 1926 1805 et
1954 1739 2156 1824 cujus
2186 1742 2372 1804 tanta
2395 1739 2467 1804 in
2495 1756 2602 1804 me

385 1861 754 1927 propensae
799 1841 1173 1908 voluntatis
1217 1841 1844 1926 benevolentiaeque
1889 1841 2292 1908 documenta
2329 1846 2597 1917 extant,

382 1954 461 2010 nt
491 1946 682 2010 nullo
710 1963 1006 2029 unquam
1032 1962 1189 2027 erga
1217 1964 1368 2010 eum
1417 1943 1641 2011 officio
1684 1942 1851 2010 mihi
1881 1943 2280 2010 satisfacere
2310 1942 2600 2027 possim.

384 2048 460 2112 Is
490 2043 676 2121 mihi,
705 2046 969 2129 aliquot
986 2046 1239 2111 abhinc
1268 2045 1490 2125 annis,
1523 2051 1594 2111 et
1623 2046 1808 2111 illins
1839 2044 1981 2111 Ms.
2014 2050 2085 2112 ot
2109 2046 2390 2112 aliorum
2421 2064 2597 2130 prae-

384 2150 731 2227 sidiorum,
793 2151 864 2212 in
938 2148 1186 2232 quibus
1258 2153 1415 2212 sunt
1481 2150 1960 2213 annotationes
2020 2147 2244 2214 adhuc
2315 2148 2593 2214 ineditae

382 2252 777 2329 Schwarzii,
808 2250 1080 2333 copiam
1108 2249 1298 2328 fecit,
1336 2256 1543 2335 atque
1589 2255 1830 2316 auctor
1871 2250 2097 2315 extitit
2138 2268 2340 2315 novae
2373 2250 2591 2315 Pane-

379 2356 757 2440 gyricornm
780 2353 1107 2418 editionis
1135 2352 1569 2432 adornandae,
1597 2353 1669 2418 in
1700 2372 1837 2438 qua
1866 2354 1926 2418 si
1960 2353 2060 2418 ita
2089 2358 2399 2417 versatus
2429 2371 2590 2420 esse

376 2457 677 2533 videbor,
707 2462 934 2522 utnon
962 2455 1073 2531 sit,
1108 2455 1288 2539 qnod
1320 2456 1428 2521 vel
1458 2457 1648 2521 illum
1679 2455 1976 2534 consilii,
1998 2455 2104 2520 vel
2133 2474 2240 2519 me
2270 2454 2589 2539 obsequii

375 2559 723 2644 poeniteat,
755 2559 927 2623 satis
956 2577 1064 2622 me
1093 2576 1216 2642 pro
1244 2557 1476 2622 labore
1509 2559 1711 2642 pretii
1742 2559 1987 2623 tulisse
2016 2558 2302 2642 putabo.

463 2657 715 2746 Operae
745 2680 917 2726 meae
942 2660 1267 2725 rationem
1307 2659 1699 2739 redditurus,
1743 2681 1922 2747 quos
1967 2661 2177 2725 libros
2218 2659 2585 2738 habuerim,

375 2764 545 2848 qnid
600 2765 692 2830 iis
760 2762 1135 2829 tractandis
1206 2762 1731 2843 observaverim,
1803 2770 1873 2830 et
1933 2763 2100 2848 qnid
2158 2764 2227 2829 in
2281 2762 2584 2830 curando
2710 2840 2713 2842 Α

374 2867 504 2934 hoc
542 2868 819 2950 negotio
861 2872 1141 2932 secutus
1183 2866 1333 2938 sim,
1362 2868 1729 2952 explanate
1767 2887 1942 2933 nunc
1974 2866 2370 2932 edisseram.
2458 2863 2586 2930 Af-

372 2969 806 3140 fulli-³333&
848 3071 965 3137 ille
1008 3071 1522 3138 Schwarzianns
1567 3072 1754 3151 olim,
1784 3091 1968 3138 nnnc
2002 3071 2418 3148 Moerlianus,
2449 3068 2583 3135 for·

369 3304 655 3366 comparati
691 3317 886 3365 snmus,
908 3308 968 3352 nt
994 3304 1192 3369 optima
1213 3319 1435 3371 qnaeqne
1513 3306 1568 3357 in
1591 3306 1866 3372 verboram
1889 3305 2100 3357 delecta
2124 3301 2357 3368 graviter
2379 3299 2582 3351 labora-

366 3381 527 3446 longo
561 3397 656 3433 nm
686 3383 836 3434 nobis
866 3382 1192 3440 sordescant,
1218 3391 1274 3436 et
1301 3399 1439 3438 novt
1515 3393 1620 3442 ret,
1638 3384 1834 3436 babent
1866 3391 2040 3435 tamen
2073 3379 2209 3429 haud
2246 3392 2364 3428 rara
2399 3376 2581 3427 verbo-

368 3457 618 3524 deinceps
653 3459 758 3511 alia
787 3474 855 3510 ex
889 3459 1006 3509 aliis
1030 3461 1318 3524 cupiamus.
1340 3495 1357 3509 .
1380 3496 1395 3512 .
1419 3494 1436 3510 .
1513 3475 1626 3512 rum
1651 3459 2130 3523 sententiarumque
2147 3456 2363 3513 lomina,
2378 3462 2431 3504 et
2451 3467 2579 3503 non·

366 3534 454 3585 Ad
479 3536 612 3586 hanc
646 3551 865 3593 morum,
885 3550 1231 3604 sensuumque
1263 3538 1433 3590 labem
1514 3551 1774 3602 nunquam
1814 3535 1953 3587 felici
1996 3531 2219 3600 quodam
2270 3532 2465 3595 impetn
2510 3529 2575 3579 ad

366 3626 486 3662 enm
543 3614 644 3664 alia
695 3615 860 3678 pestis
912 3613 1210 3674 accederet,
1251 3612 1433 3665 infelix
1514 3613 1741 3678 priscam
1764 3614 1905 3664 iliam
1928 3609 2301 3661 sublimitatem
2331 3621 2387 3655 se
2420 3606 2578 3656 attei-

364 3688 611 3741 adulandi
664 3690 970 3754 necessitas,
1023 3691 1127 3741 noli
1176 3705 1432 3757 qnaerere,
1512 3691 1650 3756 lunt,
1681 3697 1741 3741 nt
1781 3689 1844 3739 iis
1886 3701 1987 3737 non
2031 3685 2289 3749 ingenium
2335 3682 2469 3733 adeo
2514 3697 2579 3734 ac

363 3781 483 3832 qno
505 3773 736 3818 monstra
756 3773 882 3817 nata
901 3767 1008 3817 sint
1029 3768 1336 3819 orationum.
1352 3801 1367 3817 .
1385 3802 1400 3816 .
1419 3801 1434 3817 .
1513 3764 1770 3826 doctrina,
1793 3764 1883 3814 sed
1911 3770 2201 3826 temporum
2238 3757 2466 3810 felicitas
2488 3758 2579 3810 de·

364 3843 559 3908 Neque
594 3850 769 3894 tamen
802 3857 867 3893 eo
888 3844 1030 3892 valet
1051 3851 1234 3893 nostra
1255 3844 1432 3907 dispu-
1511 3839 1675 3891 fuisse
1699 3835 1977 3891 videatur-⁹
2012 3838 2187 3888 Arntz.

362 3922 517 3976 tatio,
539 3921 700 3970 uthis
723 3920 1071 3985 Panegyricis
1105 3921 1297 3971 nuliam
1320 3921 1430 3970 ian·
1577 3926 1599 3953 ⁰
1631 3917 1757 3967 Vid.
1793 3914 2051 3967 Schwarz.
2098 3913 2295 3974 Paneg.
2337 3911 2479 3962 Plin.
2526 3926 2579 3976 p.

359 3996 442 4045 dis
484 4002 690 4061 partem
733 3995 1102 4064 relinquamus.
1136 4031 1151 4047 .
1187 4033 1204 4048 .
1239 4030 1255 4047 .
1289 3999 1429 4049 Nam
1508 3996 1627 4044 7⁸2.
1659 3993 1843 4055 Jaeger.
1913 3987 2252 4053 Eandemque
2277 3988 2328 4037 in
2355 3988 2578 4038 Dbsert.

356 4073 461 4126 etsi
488 4087 559 4124 ea
588 4077 753 4124 aetate
777 4070 1050 4138 florerent,
1071 4087 1171 4138 qna
1194 4082 1248 4125 et
1271 4074 1427 4125 iiber·
1509 4070 1838 4135 Panegyrico
1892 4066 2196 4117 Mamertini
2254 4066 2578 4118 Maximiano

358 4148 486 4201 tatis
521 4148 739 4213 spiritns
768 4146 1071 4211 defecisset,
1090 4154 1146 4201 et
1179 4149 1294 4220 ipsa
1320 4151 1428 4201 elo·
1507 4146 1747 4215 prefixa,
1768 4146 1797 4209 ς
1821 4148 1872 4194 2.
1902 4144 2077 4195 Arses.

357 4226 578 4292 quentia
612 4238 733 4277 cam
772 4225 826 4276 ia
864 4237 1035 4276 rernm
1062 4224 1283 4290 judicio,
1317 4232 1426 4277 tum
1991 4247 1998 4251 ·
