3084 4959
1101 386 1394 440 ntemu
1444 389 1870 442 PRAEFA'rm.
2416 380 2592 450 1119

374 526 542 596 nibil
573 528 846 597 omniuo
874 549 970 598 ex
1012 530 1125 611 iis,
1158 551 1314 619 quse
1341 533 1758 602 illustrandis
1787 533 2226 605 Orationibus
2257 538 2444 606 hisce
2488 541 2591 607 in·

376 632 700 711 serviunt,
747 632 1114 699 desiderari
1158 636 1401 718 possit,
1432 655 1653 721 neque
1698 646 1920 704 tamen
1964 657 2469 725 supervacanea
2494 642 2587 709 le-
2657 633 2664 646 ⁴

369 740 630 817 gantur.
719 734 887 801 Mea
929 736 1502 804 animadversione
1546 746 1691 804 tum
1719 739 1986 810 demum
2016 760 2191 827 opus
2218 761 2372 809 esse
2402 743 2591 828 juds-

369 837 551 916 cavi,
584 856 740 903 cnm
769 837 977 905 variae
1020 838 1332 905 lectionis
1360 842 1535 906 ratio
1565 842 1905 908 reddenda
1932 850 2104 923 erat,
2130 845 2242 911 vel
2265 847 2587 930 quaedam

369 938 640 1003 uberius
678 946 757 1005 et
790 941 1146 1007 liberalius
1175 940 1601 1022 declaranda,
1636 944 1751 1010 vel
1779 947 2123 1012 sententiae
2153 947 2432 1014 aliorum
2463 949 2583 1016 du·

364 1040 503 1106 biae
544 1047 662 1106 aut
700 1040 900 1107 salsae
933 1062 1089 1118 esse
1119 1041 1532 1109 videbantur.
1622 1044 1705 1113 In
1740 1045 1851 1112 his
1885 1047 2243 1131 arguendis
2280 1069 2411 1115 nou
2438 1051 2588 1117 ina-

363 1161 516 1208 nem
545 1144 856 1210 vincendi
882 1144 1225 1211 libidinem
1263 1153 1546 1212 secutus
1569 1167 1739 1221 sum,
1766 1148 1886 1214 sed
1920 1150 2344 1216 commodum
2372 1151 2584 1219 lecto-

363 1246 463 1309 ris
490 1246 819 1331 spectavi.
909 1247 1248 1315 Putabam
1297 1250 1496 1322 enim,
1530 1251 1599 1314 in
1633 1251 1889 1334 quibus
1923 1250 2256 1317 Gruterus
2285 1254 2398 1320 vel
2425 1254 2583 1322 Cel·

361 1348 575 1415 larius
601 1337 914 1430 erra'sset,
942 1350 1141 1416 facile
1168 1351 1343 1417 alios
1374 1352 1520 1416 falli
1553 1369 1786 1436 posse,
1823 1354 2030 1419 etiam
2071 1355 2191 1439 qui
2220 1373 2360 1420 non
2388 1376 2581 1442 pror-

364 1469 487 1517 sus
515 1452 587 1516 in
613 1451 718 1517 his
745 1452 950 1518 rebus
978 1453 1393 1518 caecutirent.
1486 1451 1782 1519 Omnino
1810 1454 1884 1520 id
1913 1454 2144 1521 studui
2184 1455 2478 1537 efficere,
2507 1465 2581 1527 ut

363 1553 724 1621 Orationes
760 1556 868 1622 has
906 1557 1289 1641 perspicuae
1317 1562 1549 1621 essent
1575 1556 1715 1622 illis
1742 1576 2032 1643 quoqne,
2061 1559 2202 1643 qni,
2231 1566 2350 1626 aut
2378 1577 2577 1647 prop-

363 1664 466 1722 ter
510 1662 804 1736 aetatem,
849 1665 973 1724 aut
1008 1658 1506 1739 educationem,
1538 1667 1613 1725 et
1652 1661 1981 1727 rationem
2025 1664 2421 1741 studiorum,
2462 1670 2580 1732 aut

360 1759 521 1825 vitaz
551 1777 786 1841 genus,
828 1780 965 1824 non
995 1757 1229 1826 statim
1278 1762 1497 1846 primo
1540 1762 1785 1828 obtutu
1826 1768 2360 1848 assequerentur,
2390 1784 2575 1849 quae,

358 1862 451 1925 ab
499 1861 733 1945 aliqua
779 1869 972 1947 parte
1021 1862 1424 1928 eruditionis
1471 1863 1783 1947 repetita,
1829 1870 2089 1948 praesto
2135 1881 2292 1931 esse
2333 1866 2577 1932 debent

356 1963 771 2034 intellectum
818 1968 1159 2041 auctoreS,
1217 1964 1591 2031 reconditae
1639 1964 1962 2032 doctrinm
2011 1964 2192 2031 hand
2237 1974 2574 2051 expertes.

356 2064 632 2130 Accidit
669 2084 1165 2149 nonnunquam,
1203 2070 1283 2131 ut
1318 2065 1471 2145 viri,
1511 2066 1635 2148 qui
1678 2066 1753 2132 in
1789 2067 1894 2133 his
1933 2066 2145 2133 literis
2174 2068 2570 2145 habitarent.

354 2169 559 2236 ctiam
592 2168 707 2253 qni
737 2188 876 2234 non
902 2168 1299 2246 habitarent,
1333 2167 1456 2233 sed
1501 2168 1807 2251 speciem
1853 2168 2242 2235 affectarent
2268 2171 2573 2257 copiosae

356 2271 778 2350 eruditioniS,
809 2276 1132 2355 tauquam
1163 2269 1462 2336 trivialia
1489 2275 1901 2354 spernerent,
1931 2289 2090 2356 quse
2119 2271 2206 2336 ab
2237 2272 2390 2338 aliis
2419 2272 2571 2357 jam

352 2373 605 2440 alicubi
635 2373 867 2440 doceri
909 2374 1395 2439 meminissent.
1481 2373 1740 2439 Verum
1770 2372 1945 2439 hauc
1980 2373 2447 2440 morositatem
2498 2379 2572 2442 et

350 2477 799 2560 arrogantiam
857 2476 1028 2541 satis
1082 2474 1464 2541 confutavit
1508 2473 1810 2559 Heyne,¹‘
1861 2494 2014 2541 cnm
2061 2496 2197 2560 quo
2251 2476 2569 2561 equidem

348 2579 581 2644 malim
611 2597 851 2657 errare,
882 2597 1085 2663 quam
1117 2597 1275 2644 cum
1304 2579 1463 2644 istis
1493 2595 1652 2642 vera
1681 2578 1949 2643 sentire.
2015 2577 2234 2644 Attuli
2263 2579 2466 2661 igitur
2492 2580 2568 2643 in

345 2680 460 2759 iis,
515 2700 675 2765 quse
713 2700 852 2745 non
901 2680 1101 2745 nimis
1140 2680 1411 2746 facilem
1459 2679 1882 2746 intellectum
1919 2680 2196 2758 babent,
2222 2679 2568 2764 quaedam,

346 2802 505 2867 quae
537 2783 815 2849 aliunde
850 2781 996 2867 jam
1043 2801 1117 2847 se
1161 2781 1487 2859 didicisse
1520 2781 1712 2847 docti
1741 2782 2178 2863 arbitrentu13
2220 2782 2339 2848 sed
2373 2783 2566 2850 attuli
2689 2849 2693 2853 Α

343 2885 570 2951 verbis
608 2886 1070 2969 paucissimis,
1116 2892 1188 2950 et
1230 2885 1350 2964 ita,
1391 2890 1471 2950 ut
1506 2884 1823 2950 lectorem
1864 2903 2132 2969 semper
2166 2904 2251 2949 eo
2291 2884 2565 2978 ablega-

341 3007 506 3066 rem,
548 2988 672 3053 ubi
720 2981 831 3053 res
877 2988 1099 3053 fusius
1147 2988 1562 3072 disputatur.
1652 2988 1996 3054 Praeterea
2039 3007 2198 3053 cum
2239 3005 2372 3052 non
2413 2987 2563 3051 sine

341 3090 659 3157 molestia
698 3089 1110 3157 desideretur
1151 3090 1274 3164 lux
1321 3109 1429 3166 ea,
1474 3109 1632 3174 quae
1674 3091 1951 3155 umbras
1983 3089 2083 3154 ab
2131 3088 2462 3156 Historioe
2497 3093 2564 3153 et

338 3193 805 3277 Geographiae
851 3193 1269 3276 ignoratione
1311 3191 1572 3257 offusas
1615 3190 1964 3268 discutiat,
1996 3209 2133 3255 non
2161 3189 2563 3273 negligenda

340 3315 504 3361 esse
554 3294 725 3360 duxi
754 3294 1046 3359 nomina
1085 3293 1453 3371 hominum,
1495 3294 1817 3375 gentium,
1861 3292 2156 3370 urbium,
2194 3292 2561 3374 regionum,

339 3397 880 3482 quibusaliquid
921 3397 1101 3462 inest
1127 3394 1587 3477 difficultatis3
1632 3395 1856 3479 iisqne
1883 3392 2306 3459 illustrandis
2332 3393 2560 3457 locum

338 3499 863 3566 commodiorem
891 3515 1049 3564 esse
1074 3497 1147 3564 in
1177 3499 1613 3564 annotatione
1643 3496 1861 3564 textui
1888 3494 2223 3581 subjecta,
2249 3511 2456 3580 quam
2485 3495 2558 3562 in

337 3603 606 3682 Indice,
637 3599 891 3666 credidi
918 3600 1152 3684 peritis
1176 3600 1411 3665 harum
1440 3618 1660 3664 rerum
1692 3596 2097 3682 judicibus.‘¹

427 3704 566 3770 His
596 3703 683 3768 de
712 3702 982 3769 consilii
1014 3708 1081 3767 et
1121 3720 1347 3787 operae
1392 3719 1564 3766 mese
1600 3699 1863 3766 ratione
1901 3694 2263 3781 expositis,
2318 3694 2554 3760 addidi

332 3806 412 3886 in
442 3805 880 3884 Praefatione,
907 3805 1144 3871 decem
1189 3802 1434 3868 abhinc
1478 3801 1673 3868 annis
1702 3801 1985 3884 scripta,
2016 3795 2553 3875 emendationes,

334 3913 409 3975 et
466 3910 746 3987 monita,
815 3925 973 3992 quae
1043 3926 1310 3974 mecum
1383 3905 2010 3973 communicaverat
2080 3900 2552 3966 celeberrimus

399 4168 425 4204 Ρ
457 4160 524 4211 In
548 4137 718 4211 Praef.
743 4127 955 4225 praefixa
983 4115 1165 4208 Oresti
1192 4154 1397 4222 Euripi·
1546 4163 1572 4197 ἰ
1603 4151 1726 4205 vid.
1748 4152 1957 4215 Augem-
1993 4148 2145 4200 Dent.
2177 4147 2413 4200 mutoth.
2446 4147 2549 4200 rol.

332 4236 466 4304 deae,
492 4252 523 4288 a
547 4235 628 4289 cl.
655 4233 817 4287 Facio
839 4234 1130 4287 illustratae.
1154 4233 1400 4297 Joegerrts·
1480 4245 1693 4284 xxvnr.
1716 4246 1771 4297 p.
1793 4233 1908 4281 ³60.
1940 4225 2098 4280 Idm.
