3084 4959
464 360 642 431 1370
1106 375 1436 429 summm
1488 334 2032 428 passerumve?

465 523 686 608 primo
716 527 854 599 tuo,
889 522 1290 608 Imperator,
1321 523 1641 601 adventu,
1660 522 2013 607 primoque
2043 521 2297 607 impetu
2330 525 2679 593 exercitus

467 627 567 692 tui
599 626 765 692 nihil
795 626 1099 712 ejusdem
1131 625 1466 691 Massiliae
1498 623 1790 691 altitudo
1821 644 2178 703 murorum,
2211 625 2381 690 nihil
2412 629 2677 693 creber·

468 730 655 795 rimae
704 737 940 806 turres,
989 728 1159 793 nihil
1202 727 1340 792 l‘oci
1369 733 1613 792 natura
1641 728 1982 792 remorata
2011 731 2138 805 est,
2170 745 2305 811 quo
2334 728 2560 792 minus
2604 737 2677 795 et

466 810 728 914 portum
759 849 1061 915 capereS,
1093 834 1163 895 et
1194 829 1426 895 urbem
1465 829 1814 908 continuo,
1865 829 1923 894 si
1954 829 2190 895 velles.
2279 833 2345 895 5.
2395 828 2678 915 Quippe

467 936 658 1000 tanta
702 933 948 999 fiducia
994 952 1253 997 murum
1285 951 1553 997 omnem
1604 932 1857 998 milites
1887 933 2294 1009 invaserant,
2326 937 2400 997 ut
2449 932 2677 1001 statim

464 1035 613 1099 sine
642 1036 849 1102 dubio
880 1034 1229 1102 ascensuri
1250 1033 1562 1123 fuissent,
1590 1033 1725 1099 nisi
1762 1033 1832 1098 iu
1858 1032 2204 1117 parandis,
2233 1054 2407 1119 quas
2434 1034 2675 1099 admo-

467 1142 719 1212 verant,
753 1138 964 1203 scalis
1014 1136 1466 1221 conjecturam
1489 1128 1856 1203 ‘oculorum
1898 1137 2278 1202 sublimitas
2309 1137 2674 1203 fefellisset.

465 1238 535 1331 6.
578 1236 697 1304 Sic
724 1259 995 1325 quoque
1021 1240 1243 1318 multi,
1274 1240 1604 1305 scalarum
1649 1240 1981 1304 brevitate
2013 1237 2308 1323 decepti,
2337 1240 2521 1324 quod
2567 1260 2676 1304 su·

465 1347 725 1426 peterat
767 1342 1103 1420 ascensui,
1154 1342 1444 1406 extentis
1482 1342 1878 1424 corporibus
1908 1340 2296 1424 aequabant,
2329 1351 2401 1406 et
2431 1361 2676 1407 succe-

468 1442 766 1510 dentium
796 1444 1093 1508 humeris
1123 1443 1458 1508 sublevati
1496 1441 1645 1528 jam
1693 1442 2053 1508 intervalla
2082 1442 2436 1526 pinnarum
2483 1444 2678 1509 uncis

466 1546 779 1633 manibus
807 1546 1230 1633 invaserant:
1262 1543 1437 1611 adeo
1465 1544 1630 1610 nihil
1661 1545 1944 1629 periculi
1975 1545 2047 1610 in
2078 1545 2401 1631 vindictae
2432 1566 2677 1612 execu-

466 1648 653 1715 tione
684 1650 1093 1727 metuebant,
1121 1654 1197 1712 ut
1226 1647 1360 1714 sibi
1390 1667 1523 1713 non
1554 1668 1813 1714 murum
1845 1648 2186 1727 scandere,
2214 1648 2335 1714 sed
2360 1669 2449 1714 ex
2477 1669 2676 1733 aequo

465 1751 778 1833 congredi
806 1750 1203 1817 viderentur.
2338 1760 2347 1773 “

557 1851 742 1918 CAP.
776 1869 919 1918 xx.
1006 1853 1073 1918 1.
1117 1853 1278 1934 Sed,
1300 1873 1343 1919 o
1369 1853 1771 1937 singularem
1802 1859 2015 1932 tuam,
2040 1851 2508 1930 Constantine,
2534 1855 2679 1938 pie-

469 1958 694 2034 tatem,
742 1961 815 2022 et
867 1975 997 2022 sua
1045 1975 1313 2040 semper
1365 1955 1589 2021 officia
1617 1958 1826 2021 etiam
1858 1956 2028 2021 inter
2053 1976 2238 2022 arma
2266 1956 2677 2024 servantem!

468 2057 729 2143 signum
758 2059 1060 2144 receptui
1092 2058 1365 2138 dedisti,
1396 2064 1467 2124 et
1497 2059 1843 2125 victoriam
1874 2059 2221 2136 distulisti,
2254 2064 2330 2123 nt
2372 2059 2680 2124 omnibus

470 2159 596 2225 tibi
624 2159 856 2226 liceret
885 2161 1258 2244 ignoscere,
1284 2182 1372 2229 ne
1403 2162 1563 2248 quid
1595 2161 1897 2228 atrocius
1926 2161 2183 2228 faceret
2216 2161 2412 2226 miles
2442 2161 2680 2240 iratus,

471 2281 674 2346 quam
723 2265 1094 2329 clementiae
1147 2270 1283 2330 tuae
1334 2270 1576 2330 natura
1627 2269 1988 2349 pateretur.
2073 2265 2141 2330 2.
2189 2262 2272 2327 In
2327 2282 2467 2348 quo
2517 2263 2682 2333 licet

469 2365 713 2447 optimi
742 2364 1186 2449 Imperatoris
1214 2365 1645 2431 solicitudine
1684 2367 1966 2443 caveriS,
2010 2371 2086 2430 ut
2113 2365 2370 2429 inducti
2399 2364 2471 2429 in
2497 2364 2681 2430 frau-

469 2463 624 2531 dem
642 2466 887 2531 milites
899 2466 1270 2552 poenitendi
1293 2474 1558 2551 tempus
1577 2467 1982 2553 acciperent,
1996 2472 2203 2552 atque
2221 2468 2398 2532 ultro
2418 2467 2679 2535 veniam

469 2576 933 2653 precarentur3
974 2589 1105 2636 nos
1136 2579 1383 2649 tamen,
1413 2572 1532 2657 qui
1579 2570 1973 2636 mitissimos
2014 2589 2257 2634 sensus
2285 2575 2437 2634 tuos
2465 2569 2679 2634 intue-

470 2689 641 2746 mur,
667 2667 867 2755 (nihil
899 2679 1002 2739 est
1030 2674 1204 2738 enim
1247 2679 1387 2739 tam
1432 2673 1885 2760 perspicuum,
1916 2691 2119 2756 quam
2151 2671 2223 2736 in
2253 2678 2533 2756 pectore
2563 2680 2680 2738 tuo

469 2771 777 2853 bonitas)
827 2774 929 2839 illi
984 2781 1053 2840 te
1082 2776 1542 2863 ⁴intelligimus
1600 2775 2016 2859 pepercisse,
2069 2793 2295 2858 quem,
2349 2775 2411 2839 si
2464 2775 2683 2859 prima

468 2874 737 2959 copiam
779 2875 1135 2943 habuisset
1184 2875 1540 2961 irruptio‚s
1576 2877 1829 2960 eripere
1872 2875 2047 2941 ferro
2095 2895 2289 2940 nemo
2321 2875 2683 2959 potuisset.

525 3023 559 3068 s
585 3024 649 3077 Si
666 3026 800 3090 copia
809 3025 1144 3089 sactufuioeet
1160 3026 1318 3091 primo
1338 3026 1519 3092 impetu
1541 3025 1855 3089 irrumpendi.

471 3241 592 3288 unte
614 3234 774 3286 Grnt.
841 3235 979 3286 Vide
1005 3237 1160 3288 Nott.
1182 3239 1335 3288 Van-r.
1365 3239 1679 3290 celeberrime
1700 3244 1860 3289 turres
1881 3234 2001 3286 edd.
2022 3243 2153 3286 vett.
2171 3242 2230 3287 et
2252 3235 2424 3287 Rivin.
2457 3235 2683 3286 creberri-

469 3315 561 3352 nae
582 3306 737 3351 turres
757 3299 982 3365 Gnelph,
1005 3301 1181 3357 Moerl.
1204 3304 1329 3354 Vet-
1349 3305 1578 3355 Putean.
1609 3305 1813 3354 Bertin.
1846 3303 1979 3352 Exc.
2012 3302 2172 3364 Lang.
2204 3302 2419 3366 Cuspiu-
2451 3301 2605 3352 Grnt.
2628 3307 2685 3351 et

473 3372 698 3416 recentt.
724 3364 1068 3428 probantibus
1092 3368 1265 3417 Livin.
1287 3376 1344 3418 et
1365 3368 1483 3419 Jac.
1508 3369 1742 3420 Gronov.
1764 3368 1828 3418 ad
1851 3366 2048 3417 Melam
2076 3380 2140 3417 ιι.
2158 3372 2207 3415 6.
2229 3371 2311 3416 26.
2342 3376 2396 3415 et
2425 3366 2510 3416 sic
2541 3366 2680 3429 conj.

470 3431 669 3491 Mento.
694 3428 855 3479 Auct.
884 3429 1078 3479 Philol·
1096 3446 1144 3481 c.
1168 3436 1250 3483 31.
1280 3435 1327 3482 εἰ
1347 3434 1468 3484 celis
1487 3433 1716 3497 Guelph.
1739 3432 1863 3483 edd.
1886 3439 2015 3483 vett.
2036 3440 2092 3481 et
2116 3431 2289 3481 Rivin.
2322 3432 2368 3480 si
2387 3432 2533 3482 velles
2555 3432 2684 3481 Exc-

469 3495 635 3558 Lang.
660 3494 818 3546 Grut.
842 3502 898 3546 et
932 3503 1253 3548 reccath—5
1290 3497 1428 3548 Edd.
1451 3505 1584 3551 vett.
1607 3507 1663 3551 et
1689 3499 1858 3549 Rivin.
1881 3501 1929 3547 1.
1958 3498 2235 3547 iurauerunt
2248 3513 2271 3556 ,·
2300 3496 2530 3559 Guelph.
2554 3496 2685 3545 Ber·

469 3560 568 3611 tiu.
590 3560 751 3613 Grut.
791 3567 848 3611 et
885 3568 1112 3615 recentt.
1145 3562 1437 3614 invaserant.
1502 3564 1644 3614 Edd·
1679 3570 1809 3615 vett.
1845 3570 1903 3612 et
1936 3562 2110 3612 Rivin.
2144 3562 2240 3610 nisi
2266 3562 2530 3624 parantis,-
2565 3563 2687 3610 Vct.

468 3626 696 3677 Putean.
742 3625 867 3676 Vet-
912 3626 1081 3676 Livin.
1126 3628 1330 3679 Bertin.
1368 3628 1597 3693 Gnelph.
1639 3628 1794 3679 Grut.
1845 3635 1900 3677 et
1942 3633 2162 3676 recentt.
2213 3627 2310 3675 vai-ri
2348 3626 2403 3676 iu
2439 3626 2685 3689 parandis.

471 3690 697 3755 Guelph.
729 3705 850 3753 quas
884 3693 1253 3742 &meruah—6
1302 3694 1404 3744 Sed
1434 3694 1505 3743 εἰσ
1525 3709 1705 3759 quoque
1732 3692 1940 3745 Bertin.
1977 3692 2134 3743 Grut.
2172 3700 2228 3740 et
2265 3699 2489 3740 recente.
2524 3703 2684 3756 usqne

470 3756 537 3805 ad
575 3755 825 3806 Arntzen.
866 3758 975 3819 qni,
1010 3756 1166 3808 codd.
1203 3757 1433 3822 Guelph.
1470 3766 1528 3809 et
1564 3760 1741 3810 Moerl.
1787 3764 1844 3808 et
1880 3755 2002 3806 edd.
2038 3757 2256 3820 Cuspiu-
2294 3756 2528 3806 Rhenan.
2566 3757 2685 3806 Ste-

467 3820 1587 3954 swam?⁰⁸qm⁰235232303¹‘32251?
1617 3821 2434 3951 {531302‘2'3255‘2’3‘5122m
2437 3821 2688 3950 '‘&ffiffi‘

468 3951 645 4001 Μαι-1.
685 3951 893 4001 Bertiu.
937 3954 1070 4003 Exc.
1116 3953 1282 4016 Lang.
1326 3954 1542 4018 Cuspiu-
1576 3954 1649 4003 Η.
1688 3961 1745 4004 et
1777 3955 1843 4004 P.
1875 3953 2126 4016 Stephan-
2162 3960 2220 4002 et
2258 3957 2488 4001 recentt.
2522 3959 2578 4001 et
2607 3952 2687 4004 vsic

471 4015 610 4078 conj.
656 4014 897 4067 Rhenan.
944 4019 981 4065 i.
1017 4019 1312 4081 perticarum
1346 4020 1482 4083 conj.
1515 4020 1719 4069 Meurs.
1750 4018 1907 4068 Auct.
1941 4017 2132 4068 Philol.
2167 4031 2215 4067 c.
2237 4019 2323 4065 31.
2360 4017 2400 4065 ι’.
2429 4030 2687 4080 pennarum

470 4081 597 4195 {let-
633 4081 857 4131 Puteau.
939 4080 1089 4142 Mox,
1126 4084 1396 4135 metuebant
1437 4087 1641 4150 ignorat
1681 4082 1910 4148 Guelph.
1942 4084 2186 4133 videretur
2222 4079 2344 4131 edd·
2380 4081 2590 4132 Puteol.
2629 4089 2688 4132 et

560 4159 709 4195 enan.

538 4211 675 4260 Car.
698 4222 796 4261 xx.
863 4213 891 4259 1
921 4209 939 4239 ‘
962 4209 1092 4261 Cod.
1130 4211 1301 4262 Moerl.
1350 4218 1397 4263 et
1432 4218 1518 4263 cua
1554 4228 1761 4278 semper.-
1798 4212 1966 4262 minus
2003 4210 2188 4262 recte-³
2219 4211 2410 4273 Jaeger.
2473 4211 2687 4274 receptui

468 4275 664 4339 sianum
683 4274 911 4340 Guelph.
942 4290 1033 4327 neu
1061 4277 1175 4342 quia
1209 4279 1421 4331 atrocius
1442 4279 1581 4347 conj.
1616 4280 1885 4332 lavim-2
1917 4278 2093 4329 Μαι-1.
2121 4282 2179 4329 et
2211 4276 2442 4344 Guelph.
2470 4277 2686 4328 solicitu-
