3084 4959
684 795 1294 904 CLAUDII
1406 798 1754 904 MAM
1769 797 2274 904 ERTINI

322 1059 329 1068 ’
392 1068 1382 1200 PANEGYRICUS
1484 1105 2571 1203 GENETHLIACUS

585 1387 1268 1472 MAXIMIANO
1349 1396 1865 1479 AUGUSTO
1949 1396 2380 1476 DICTUS.

1039 1912 1406 1962 SYNOPsts
1454 1915 1960 1967 PANRGYmor.

381 2028 451 2077 11·
487 2028 718 2079 Exordio
755 2028 1011 2080 rationem
1046 2028 1200 2081 affert
1235 2045 1332 2080 eur
1366 2031 1768 2083 Genethliaeum
1803 2034 2071 2100 utriusque
2106 2035 2433 2101 imperatoris
2451 2036 2590 2092 cele.

441 2108 579 2175 bret,
612 2123 801 2174 nempe
823 2110 963 2175 quod
987 2112 1274 2179 orationem
1305 2127 1424 2162 eum
1461 2113 1768 2163 Maximiani
1801 2114 2289 2180 quinquennalibus,
2319 2125 2474 2180 prout
2499 2131 2590 2165 vo-

444 2198 592 2239 verat
615 2190 811 2240 habere
834 2198 935 2240 non
959 2192 1239 2255 potuisset,
1268 2192 1404 2241 hane
1435 2192 1689 2256 religione
1720 2193 1887 2245 debiti
1919 2203 2299 2260 repraeseutare
2330 2203 2588 2251 teneatur.

441 2274 498 2319 et
527 2269 793 2336 utriusque
827 2270 1160 2335 imperatoris
1195 2273 1422 2322 natalem
1459 2272 1599 2322 diem
1634 2262 1968 2332 celebrando,
2004 2275 2149 2341 qnasi
2180 2277 2356 2341 aliquo
2386 2275 2589 2326 foeuore

439 2364 529 2401 eos
559 2364 920 2415 compensare,
949 2352 1037 2418 qui
1070 2353 1359 2404 orationem
1397 2367 1430 2403 ι
1458 2367 1516 2403 se
1549 2354 1936 2417 expectabant:
1973 2363 2082 2407 tum
2111 2357 2233 2422 qnia
2259 2357 2509 2408 illustrior
2537 2356 2590 2406 ei

437 2431 650 2482 videtur
680 2432 816 2496 dies,
844 2435 931 2498 qui
969 2434 1315 2498 imperatores
1343 2435 1397 2484 in
1427 2435 1598 2484 lucem
1631 2435 1868 2499 protulit,
1904 2451 2057 2501 quam
2085 2436 2220 2498 dies,
2256 2451 2359 2501 quo
2381 2434 2592 2501 imperii

440 2512 676 2576 auspicis
715 2521 1030 2566 sumserunt.
1099 2515 1205 2565 Hie
1243 2515 1570 2565 celeritatem
1609 2515 1790 2565 laudat
1824 2530 1928 2580 qua
1966 2517 2069 2567 Dei
2103 2517 2201 2578 sui,
2236 2517 2289 2565 id
2324 2523 2421 2573 est,
2456 2517 2590 2568 alter

439 2591 608 2655 Jovis,
648 2593 783 2644 alter
814 2583 1060 2645 Herculis
1099 2595 1342 2659 exemplo
1382 2592 1676 2659 provincias
1710 2595 1922 2646 dissitas
1960 2605 2224 2647 momento
2255 2598 2590 2661 perlustrant,

438 2685 556 2737 cap.
600 2686 664 2731 n,-
721 2689 818 2738 per
863 2675 1353 2740 praetermissionem
1412 2676 1581 2725 varius
1636 2676 1911 2741 utriusque
1966 2676 2214 2728 victorias
2266 2676 2596 2742 perstringit,

437 2768 559 2818 cap.
578 2768 632 2803 v.

374 2834 789 2887 nmmum-10:
822 2836 871 2887 1.
901 2836 1284 2901 Imperatorum
1307 2835 1498 2901 pietas.
1535 2837 1618 2889 11.
1651 2836 1949 2888 Eorundem
1971 2835 2216 2888 felicitas.

370 2914 421 2965 1.
457 2902 627 2967 Pane.
661 2917 843 2967 Pietas
870 2917 924 2967 in
948 2917 1108 2974 Deos,
1139 2916 1392 2967 adversus
1419 2918 1746 2974 seinvicem,
1775 2931 1839 2968 eo
1870 2917 2158 2967 mirabilior
2187 2915 2323 2982 quod
2347 2915 2588 2969 dividen-

438 2994 561 3047 ‹lum
593 2997 846 3049 baberent
881 3005 1049 3048 totum
1082 3005 1340 3049 terrarum
1378 2998 1583 3059 orbem,
1615 3013 1735 3063 esp.
1756 3011 1840 3048 vx.
1904 2996 2059 3051 Quod
2096 3006 2318 3061 uterque
2351 2998 2587 3062 ejusdem

437 3076 623 3142 glorio
648 3080 790 3128 velut
821 3079 1013 3142 emuli,
1050 3079 1190 3144 quod
1228 3080 1294 3129 ad
1325 3094 1577 3130 summum
1612 3080 1824 3131 honoris
1861 3074 2110 3130 verticem
2143 3080 2327 3130 eadem
2357 3082 2440 3130 via
2472 3089 2587 3131 ten·

437 3159 646 3221 dorent,
668 3158 810 3224 quod
841 3165 896 3209 et
917 3160 1143 3209 diversa
1170 3159 1423 3224 stirpis-et
1444 3160 1708 3211 dissimilis
1733 3160 1909 3211 etatis
1931 3158 2128 3224 forent,
2146 3170 2265 3226 eap-
2286 3174 2389 3211 vn.
2446 3162 2587 3214 Hine

437 3237 635 3289 factum
675 3253 789 3289 esse
826 3241 921 3297 ait,
957 3246 1017 3289 ut
1056 3241 1418 3291 Diocletianus
1458 3255 1524 3292 ex
1563 3241 1809 3302 Oriente,
1842 3241 2191 3292 Maximianus
2230 3255 2262 3291 e
2302 3242 2588 3294 Germania

437 3321 640 3384 hyemis
677 3328 914 3384 tempore
945 3335 1044 3385 per
1079 3321 1241 3386 Alpes
1263 3324 1469 3374 nivibus
1493 3331 1707 3387 opertas
1730 3323 2092 3381 Mediolanum
2119 3322 2184 3372 ad
2217 3330 2450 3374 mutuum
2481 3327 2587 3376 eol·-

434 3402 666 3467 loquium
689 3400 1003 3458 advolarint,
1037 3417 1152 3469 esp.
1175 3417 1303 3454 vm.
1368 3405 1525 3456 Hane
1557 3405 1888 3455 celeritatem
1924 3403 2128 3454 confert
2162 3418 2281 3454 eum
2315 3405 2588 3457 eeleritate

435 3481 749 3533 Hannibalis
774 3483 827 3532 in
851 3482 1055 3534 Italiam
1091 3485 1455 3548 properantis:
1491 3500 1607 3536 eum
1642 3500 1707 3536 eo
1730 3492 1903 3535 tamen
1928 3484 2243 3540 discrimine,
2273 3485 2412 3549 quod
2439 3484 2584 3534 Han·

377 3576 382 3581 ·
436 3561 627 3612 nibalis
663 3563 921 3613 adventus
958 3564 1142 3629 plenus
1176 3572 1313 3616 esset
1350 3567 1587 3630 terroris,
1622 3567 1758 3616 alter
1795 3580 1915 3616 vero
1946 3564 2186 3614 salutaris
2213 3564 2609 3630 jucundusque*

432 3642 689 3699 omnibus,
732 3658 843 3708 cap.
879 3657 962 3695 lx.
1042 3645 1390 3710 Triumphalis
1432 3647 1807 3711 imperatorum
1849 3645 2048 3696 reditus
2092 3645 2423 3709 describitur,
2465 3661 2583 3712 cap.

397 3736 402 3743 ·
439 3737 572 3774 xm.

370 3804 447 3855 11.
483 3806 654 3855 Plias.
685 3805 901 3854 Transit
929 3805 992 3855 ad
1029 3805 1296 3872 utriusque
1334 3807 1664 3871 imperatoris
1697 3803 2000 3855 felicitatem
2027 3818 2179 3870 qnam
2205 3805 2255 3854 iu
2280 3818 2344 3854 eo
2365 3820 2584 3872 proser-

436 3888 527 3938 tim
553 3887 775 3951 positam
801 3887 913 3938 ait:
957 3888 1003 3937 1.
1037 3888 1114 3939 Ut
1144 3902 1208 3938 ex
1244 3903 1550 3954 quacunque
1591 3889 1731 3938 orbis
1762 3896 1911 3953 parte
1949 3885 2016 3936 ad
2053 3886 2319 3938 visendum
2354 3889 2492 3939 inter
2524 3905 2585 3942 se

435 3970 575 4019 coire
599 3969 764 4033 possit
785 3969 978 4033 absque
1004 3970 1268 4020 turbarum
1292 3977 1454 4027 metu,
1476 3984 1596 4034 cap.
1620 3982 1743 4019 x1v.
1810 3968 1890 4018 11.
1921 3967 1986 4018 In
2008 3966 2142 4018 ae‘ris
2166 3969 2494 4032 salubritate,
2529 3972 2583 4022 in

438 4063 677 4112 agrorum
717 4049 963 4099 ubertate
1005 4062 1103 4114 per
1147 4049 1490 4113 imperatores
1537 4050 1802 4105 restituta.
1836 4062 1952 4111 esp·
1984 4059 2078 4098 xv.
2145 4047 2257 4101 111.
2291 4049 2355 4099 In
2391 4051 2581 4103 securi·

438 4135 547 4183 tate
568 4139 612 4178 ‘a
648 4112 885 4179 barbaris
920 4128 1183 4192 gentibus,
1222 4145 1338 4194 quae
1375 4130 1583 4185 interim
1623 4129 1817 4187 mutuis
1853 4143 1971 4179 sese
2011 4128 2244 4180 cladibus
2272 4127 2583 4194 affligerent,

439 4224 554 4272 cap.
589 4222 709 4260 xvi.
749 4223 878 4275 quos
916 4222 1189 4262 successus
1234 4209 1605 4275 imperatorum
1642 4210 1858 4276 pietatis
1902 4210 1980 4262 nit
2015 4208 2246 4262 fructum
2286 4224 2425 4277 esse,
2462 4226 2579 4280 cup.

444 4302 609 4343 xvln.
