3084 4959
482 393 658 461 1188
946 410 1011 457 c.
1059 410 1126 457 c.
1175 407 1600 457 scnwxnzu
1651 404 2225 457 rnonneoumu

484 549 773 635 speciali
805 550 1214 617 Diocletiani
1239 568 1407 614 cura
1432 553 1638 626 erant,
1663 547 2028 631 inquisitos
2057 548 2290 613 fuisse.
2390 545 2606 625 Unde,
2636 546 2700 612 si

482 660 641 721 tunc
671 653 990 735 martyria
1013 652 1279 735 aliquot
1305 651 1514 728 fuere,
1548 654 1662 714 aut
1691 658 1989 717 veterum
2014 649 2238 732 legum
2268 651 2696 725 auctoritate,

484 762 606 825 aut
631 775 717 821 ex
739 754 1104 839 praesidum
1126 754 1424 838 ingenio,
1439 753 1550 819 vel
1577 753 1714 817 alia
1744 752 2410 837 quavis'occasione,
2439 754 2697 835 absque

484 859 726 925 edictis
756 863 1015 943 patrata
1042 864 1222 923 sunt.
1314 854 1822 923 Persecutionis
1860 855 2122 920 initium
2166 874 2343 919 anno
2374 869 2699 919 ccxcm.

482 960 868 1044 consignari
925 979 1134 1043 posse
1202 959 1496 1036 videtur,
1556 974 1695 1042 quo
1763 958 2244 1033 Diocletianae,
2305 955 2701 1023 decennalia

480 1063 751 1148 imperii
782 1063 892 1129 sui
934 1063 1418 1142 celebraturus,
1451 1068 1640 1128 seut
1669 1061 1892 1126 Deum
1925 1060 2185 1127 adorari
2220 1058 2476 1144 jussit?
2565 1057 2698 1127 Sed

483 1173 557 1235 et
610 1167 726 1237 alii
775 1165 1141 1249 scriptores
1195 1164 1459 1250 profani
1518 1184 1654 1229 non
1707 1163 1913 1229 facile
1962 1163 2048 1227 de
2097 1163 2228 1227 ista
2273 1162 2701 1228 Diocletiana

485 1268 1022 1337 Christianorum
1068 1268 1531 1351 persecutione
1589 1265 1854 1349 aliquid
1901 1264 2210 1341 referunt,
2259 1268 2334 1327 ut
2377 1263 2701 1339 nesciam,

483 1390 569 1435 an
614 1358 901 1435 fortasse
941 1370 1075 1453 ipsi
1117 1376 1584 1452 argumentum
1630 1367 1762 1431 hoc
1795 1385 1928 1431 non
1965 1367 2134 1433 satis
2178 1366 2447 1450 dignum
2494 1366 2700 1433 laude

482 1472 871 1537 habuerint.
953 1469 1050 1535 At
1078 1471 1409 1548 videmuS,
1443 1490 1641 1554 quem
1667 1470 1923 1533 exitum
1952 1469 2256 1537 habuerit
2283 1469 2417 1535 ista
2446 1468 2703 1537 stolida

475 1570 889 1659 jactantium
930 1572 1269 1656 impietaS,
1313 1578 1334 1608 ‘
1362 1591 1436 1635 se
1484 1590 1725 1636 nomen
1770 1569 2226 1635 Christianum
2277 1570 2620 1636 delevisse
2643 1569 2701 1637 ι’

487 1695 640 1740 cum
693 1673 1058 1739 saevissimi
1112 1672 1231 1737 isti
1287 1670 1594 1736 homines
1635 1664 2020 1737 in'aeternis
2055 1671 2337 1755 jaceant
2394 1675 2700 1756 tenebris,

488 1773 1230 1859 omniqueposteritate
1262 1791 1390 1839 sua
1409 1773 1818 1857 jamdudum
1848 1794 1938 1840 ex
1974 1775 2137 1840 orbe
2165 1778 2483 1841 terrarum
2514 1776 2703 1842 dele-

486 1886 562 1945 ta
612 1877 1151 1960 exstirpataque‚
1203 1875 1366 1940 nihil
1413 1875 1827 1964 reliquerint,
1872 1877 2013 1973 nisi
2060 1895 2235 1942 vana
2281 1879 2704 1962 quorundam

488 1979 909 2047 adulantium
951 1979 1389 2056 monimenta,
1432 1985 1505 2042 et
1549 1978 2003 2047 execrabilem
2059 1980 2322 2046 insanae
2381 1980 2704 2047 adversus

487 2082 918 2148 Christianos
973 2080 1403 2145 crudelitatis
1462 2081 1896 2147 memoriam:
1960 2085 2196 2149 contra
2255 2099 2410 2146 vero
2467 2083 2705 2166 religio

489 2184 873 2250 Christiana
907 2183 1123 2248 multo
1163 2183 1372 2248 latius
1413 2182 1824 2266 longiusque
1854 2182 2161 2262 dilatata,
2191 2183 2327 2249 Dei
2357 2184 2705 2250 immorta-

486 2289 578 2354 lis
606 2285 960 2362 benefici0‚
999 2284 1283 2350 feliciter
1326 2284 1753 2361 succreverit,
1799 2290 1868 2350 et
1909 2285 1993 2349 ad
2039 2285 2217 2350 hunc
2254 2306 2477 2369 vusque
2517 2286 2704 2353 utem

488 2391 750 2468 floreat,
781 2408 892 2465 ac,
915 2387 1141 2470 quoad
1172 2387 1322 2453 haec
1352 2406 1576 2451 rerum
1628 2387 2034 2453 universitas
2079 2389 2309 2467 stabit,
2355 2389 2709 2472 perpetuis

472 2490 909 2575 temporibus
938 2489 1030 2555 sit
1057 2488 1398 2555 duratura.

1509 2671 1688 2740 VII.

580 2793 789 2873 Quod
819 2794 878 2858 si
907 2812 1086 2858 nunc
1114 2811 1527 2881 quaeramus,
1560 2782 1904 2876 quoanno
1932 2796 2002 2857 et
2028 2790 2143 2857 die
2168 2774 2457 2876 hio'ipse
2483 2791 2704 2860 Pane-

491 2898 760 2984 gyricus
792 2894 1280 2962 Genethliaeus
1323 2915 1366 2961 a
1392 2894 1800 2960 Mamertino
1837 2896 1927 2959 sit
1955 2895 2226 2961 habitus
2255 2914 2274 2975 3
2321 2901 2476 2961 tunc
2506 2914 2707 2979 gene·

491 3001 691 3069 ratim
720 2999 994 3084 quidem
1021 2999 1261 3083 liquet,
1294 3018 1447 3063 eum
1489 2997 1701 3063 fuisse
1747 2997 2239 3080 Panegyricum
2275 2996 2344 3063 N
2350 2997 2709 3077 malitium,

491 3100 623 3169 hoc
656 3109 782 3181 est,
817 3104 888 3166 in
931 3101 1135 3167 natali
1182 3101 1531 3184 utriusque
1565 3100 2028 3184 Imperatoris,
2066 3098 2489 3167 Diocletiani
2513 3099 2709 3167 Jovii

495 3211 563 3270 et
597 3203 1005 3268 Maximiani
1028 3201 1364 3279 Herculii,
1393 3202 1676 3280 dictum,
1707 3210 1777 3266 et
1807 3202 2150 3285 utriusque
2179 3202 2381 3273 etiarn
2408 3201 2706 3287 Impera·-

497 3303 930 3370 torislaudes
961 3303 1350 3387 complecti,
1379 3305 1690 3385 quamvis
1721 3303 1869 3370 solo
1895 3302 2322 3368 Maximiano
2353 3312 2510 3367 tunc
2532 3321 2706 3387 prae-

497 3412 685 3473 sente
733 3405 829 3469 sit
878 3405 1127 3471 dictus.
1239 3404 1329 3469 At
1384 3405 1454 3468 in
1524 3405 1836 3470 Historia
1905 3404 2298 3488 Principum
2356 3405 2708 3470 Romano-

497 3529 644 3576 tum
688 3508 832 3572 fere
877 3508 1004 3573 tria
1042 3506 1177 3571 diei
1224 3506 1477 3571 natalis
1526 3526 1774 3590 genera
1800 3515 2189 3584 occurrunt,
2218 3526 2391 3591 quos
2442 3508 2717 3577 solenni

496 3613 627 3695 ritu
679 3630 911 3676 sacros
956 3609 1313 3693 festosque
1361 3609 1756 3675 habueruut.
1846 3609 1931 3675 Id
1977 3608 2162 3694 quod
2196 3609 2345 3693 jam
2401 3610 2472 3674 in
2524 3629 2710 3677 com-

496 3714 826 3785 mentasio
912 3712 1002 3778 ad
1072 3711 1576 3797 Panegyricum
1649 3713 1857 3780 Plinii
1946 3712 2295 3795 copiosius
2382 3714 2708 3799 exposui.

498 3817 770 3883 Primus
818 3822 967 3883 erat
1038 3816 1292 3882 natalis
1350 3816 1849 3902 Imperatorum
1909 3814 2182 3900 proprie
2249 3812 2507 3892 dictuS,
2571 3835 2709 3898 qno

498 3918 793 4003 primum
844 3918 1043 4002 hujus
1094 3919 1258 3986 vitae
1311 3920 1536 3986 lucem
1589 3923 2049 4004 aspexerant3
2096 3922 2167 3982 et
2210 3915 2414 4000 hujus
2458 3917 2709 3987 natalis

502 4020 638 4086 diei
684 4019 988 4084 solennia
1036 4023 1167 4085 κατ’
1229 4023 1434 4108 ἔξοχὴν
1479 4019 1743 4108 γενέθλια
1790 4021 2027 4089 vocari
2075 4018 2542 4097 consuevisse,
2590 4017 2710 4083 de-

499 4123 997 4208 prehendimus.
1085 4124 1284 4191 Alter
1312 4127 1560 4191 natalis
1595 4124 2084 4210 Imperatorum
2127 4119 2450 4186 translate
2479 4120 2710 4186 dictus

497 4226 872 4293 habebatur
892 4225 1368 4312 dicebaturque
1390 4229 1646 4313 primus
1670 4229 1814 4295 dies
1835 4224 2286 4313 principatus,
2304 4240 2426 4291 seu
2446 4222 2723 4308 imperii,
