3084 4959
642 353 815 421 1556
1403 367 1408 372 ·
1436 359 1703 413 urim
1751 356 2023 411 esca-1⁸1

640 515 711 580 in
736 517 1055 597 tempore,
1081 528 1221 595 quo
1250 507 1489 573 ambo⁶
1514 507 1619 572 ita
1645 510 1877 571 mutuo
1904 500 2233 582 crevistis,
2261 507 2342 569 ut
2366 520 2491 570 nec
2517 507 2594 570 tu
2617 502 2814 571 fueris

641 616 858 683 adhuc
885 614 1121 699 major,
1148 630 1276 677 nec
1303 611 1426 706 illa
1449 609 1723 675 felicior.
1808 608 1872 673 3.
1917 604 2081 671 Huc
2121 605 2390 671 accedit
2418 606 2686 681 auditor
2711 626 2812 671 se-

599 720 605 725 ’
641 727 883 800 natus3
922 718 1031 783 cui
1070 734 1225 782 cum
1265 712 1531 779 difficile
1571 712 1660 776 sit
1692 729 1816 796 pro
1843 728 2090 787 amore,
2119 708 2356 794 quoin
2393 714 2458 774 te
2496 709 2815 794 praeditus

637 828 769 898 est,
821 821 905 886 de
955 825 1021 884 te
1072 818 1243 885 satis
1292 816 1473 898 fieri3
1528 821 1671 882 -tum
1715 811 2076 891 difficilius,
2121 831 2244 898 pro
2284 811 2578 895 ingenita
2617 820 2815 897 atque

638 918 1104 991 haereditaria‘¹
1134 919 1367 986 orandi
1394 919 1735 999 facultate,
1757 937 1891 982 non
1916 936 2079 982 esse
2098 914 2374 982 fastidio
2396 916 2622 982 rudem
2643 914 2817 981 hunc

640 1036 712 1092 et
766 1023 1094 1091 incultum
1141 1022 1571 1106 Transalpini
1628 1020 1955 1085 sermonis
2011 1018 2395 1096 horrorem:
2448 1020 2814 1105 praesertim

639 1148 790 1194 cum
839 1124 1150 1193 absurdae
1197 1124 1608 1208 sinistraeque
1639 1121 1993 1208 jactantiae
2042 1123 2268 1209 possit
2303 1122 2532 1200 videri,
2567 1121 2675 1188 his
2712 1142 2815 1189 os-

636 1236 896 1295 tentare
950 1221 1353 1300 facundiam,
1404 1244 1609 1310 quam
1662 1225 1751 1290 de
1808 1244 2035 1290 eorum
2088 1224 2272 1291 fonte
2319 1231 2703 1291 manantem
2748 1227 2815 1292 in

637 1340 905 1398 nostros
954 1349 1168 1415 usque
1217 1348 1383 1393 usus
1433 1328 1758 1395 derivatio
1804 1348 1960 1394 sera
2009 1327 2329 1393 traduxit.
2429 1329 2502 1392 4.
2548 1328 2814 1408 Quibus

639 1434 945 1519 equidem
980 1432 1294 1515 cogitatis
1324 1429 1498 1496 adeo
1529 1430 1865 1509 solicitor,
1892 1431 2007 1496 ut¹1
2040 1448 2171 1494 non
2197 1448 2317 1495 eos
2344 1434 2596 1495 tanturn
2624 1429 2813 1497 hodie

638 1540 906 1605 arbitrer
951 1534 1293 1613 interesse,
1341 1553 1510 1618 quos
1558 1554 1787 1611 cerno,
1833 1532 1954 1598 sed
2000 1532 2309 1597 assistere
2351 1531 2815 1616 obversarique

638 1638 901 1705 dicturo
949 1636 1250 1705 Catones
1286 1635 1502 1722 ipsos,
1537 1642 1608 1700 et
1643 1635 1928 1713 Tullios,
1968 1642 2039 1699 et
2077 1634 2512 1712 HortensioS,
2555 1652 2813 1699 omnes-

638 1762 770 1826 que
799 1741 957 1805 illos
984 1737 1284 1806 oratores
1312 1745 1569 1823 putem,
1602 1738 1719 1822 qui
1747 1757 1853 1802 me
1879 1738 1948 1801 in
1977 1735 2265 1821 posteris
2296 1734 2439 1801 suis
2456 1743 2482 1772 ⁸
2511 1734 2810 1800 audiunt.

634 1845 700 1909 5.
745 1843 856 1909 Ita
882 1841 1243 1927 multiplici
1270 1841 1755 1907 circumventus
1782 1847 1991 1918 metu,
2023 1840 2220 1925 quasi
2258 1858 2495 1923 patum
2533 1838 2811 1903 habeam

635 1947 903 2028 timere3
948 1945 1170 2024 video,
1198 1943 1384 2030 quod
1412 1938 1726 2009 timeam!

699 2114 722 2141 θ
754 2106 960 2170 Propter
992 2105 1206 2155 mon
1238 2108 1287 2154 ct
1319 2117 1457 2166 quam
1477 2116 1509 2151 a
1538 2099 1794 2162 acrioribus
1826 2113 2040 2164 occepere
2058 2098 2361 2160 facundiae,
2392 2099 2630 2167 difficilius
2657 2105 2731 2151 est
2763 2105 2811 2150 st

631 2171 851 2248 impolito
882 2176 930 2248 qt
951 2170 1228 2233 imperfecta
1262 2168 1467 2218 hominis
1497 2171 1634 2217 troas
1653 2165 1799 2231 Alpes
1816 2164 1926 2215 noti
1953 2163 2108 2217 oratio
2143 2180 2236 2216 nos
2261 2165 2408 2215 toedio
2434 2169 2520 2224 sit,
2540 2171 2686 2231 atque
2705 2167 2810 2218 adeo

634 2237 1101 2365 Μὲηὸῖῖᾖᾝίῒεᾏ
1119 2298 1193 2348 ita
1214 2314 1288 2348 nse
1305 2298 1508 2354 mint,
1527 2300 1603 2358 nt,
1623 2295 1706 2358 ξε.

1540 2439 1902 2463 ΝΟΜΝΟΟΟΟ

637 2548 767 2593 vett.
794 2558 882 2608 pro
904 2542 1073 2606 genito
1084 2558 1107 2602 ‚-
1139 2540 1289 2592 codd.
1310 2539 1499 2593 Scbeff·
1519 2542 1649 2592 Exc.
1670 2542 1958 2593 Schonhov.
1980 2540 2209 2606 GnelpB.
2225 2540 2350 2592 Vct.
2373 2541 2594 2593 Putean.
2619 2556 2714 2605 pro
2742 2543 2812 2592 in·

628 2610 820 2672 genito,
840 2616 900 2659 ut
919 2608 1059 2672 conj.
1081 2606 1286 2659 Acidal.
1317 2613 1461 2672 atque
1480 2609 1597 2658 odeo
1617 2608 1907 2658 wedam-ia
1922 2607 2360 2658 Exc.Schonhov.
2383 2621 2522 2671 qaam
2534 2609 2592 2657 de
2607 2608 2813 2658 Deorum

635 2674 874 2724 Rhenau.
910 2673 979 2724 sl.
1022 2681 1152 2724 vett.
1187 2680 1245 2724 et
1279 2672 1506 2738 Guelph.
1552 2674 1611 2723 de
1647 2688 1804 2723 eorum
1840 2673 1980 2738 conj.
2021 2671 2221 2723 Acidal.
2289 2674 2393 2723 Pro
2428 2687 2554 2730 usus,
2587 2673 2813 2723 nonnulli

633 2740 949 2789 baustum—4
970 2737 1107 2788 Edd.
1128 2746 1252 2790 ante
1273 2739 1441 2790 Liviu.
1473 2737 1796 2803 observarique
1806 2754 1827 2797 ,·
1843 2737 2069 2802 Guelph.
2092 2738 2280 2803 aliique
2298 2737 2452 2789 codd.
2482 2738 2818 2802 obversor-ique,

632 2804 882 2920 2¹:¹21&ss
901 2804 1152 2919 &xm
1172 2802 1385 2919 4⁰33.ss
1405 2803 2814 2935 1232‘3‘2‘32.¹3:532&“33332.fi.3⁰232⁰331¹.‚”3352:

633 2937 756 2998 quod
790 2933 998 2984 tineam.
1037 2981 1042 2986 ,
1064 2933 1264 2985 Probat
1300 2933 1712 2984 emendationem
1740 2934 1874 2984 hauc
1909 2934 2184 2985 Gruterus.
2248 2934 2474 2999 Lipsius,
2507 2933 2666 2997 cogito
2702 2936 2814 2999 qnod

632 3000 843 3050 tineent.
909 2997 1178 3050 Acidalius
1200 3008 1255 3050 et
1276 2999 1541 3050 Livineius
1565 3000 1826 3063 geminant
1844 2998 1903 3049 τὸ
1924 2999 2100 3064 cidere,
2121 3006 2176 3050 et
2205 3000 2421 3050 alterum
2444 2998 2509 3050 ad
2533 2998 2813 3057 auditores,

631 3065 856 3116 alterum
880 3065 945 3114 sd
968 3071 1198 3114 oratores
1230 3072 1436 3115 veteres
1462 3062 1717 3116 referunt.
1784 3066 2022 3115 Fortasse
2044 3065 2327 3130 simplicior
2346 3064 2636 3115 emendatio
2659 3072 2813 3126 esset,

633 3129 677 3179 si
703 3130 846 3193 prius
867 3132 993 3193 quod
1013 3129 1450 3194 extingueremus,
1470 3130 1742 3195 locumque
1763 3131 2105 3180 scriberemus
2138 3133 2232 3190 ita,
2257 3131 2395 3194 quasi
2423 3144 2594 3195 parum
2622 3129 2814 3180 habeon

632 3194 818 3251 timae,
833 3194 973 3254 ¹video
991 3196 1113 3258 quod
1136 3195 1340 3246 timeum.
1404 3195 1686 3259 Eleganter
1708 3203 1852 3245 certe
1875 3195 2001 3246 illud
2025 3197 2191 3246 habere
2212 3202 2267 3245 et
2287 3196 2445 3246 videre
2466 3195 2564 3245 sibi
2586 3209 2815 3259 oppone-

631 3265 834 3319 rentur,
857 3273 1139 3324 sensusque
1161 3268 1322 3323 esset,
1337 3274 1436 3310 non
1458 3269 1658 3311 tautum
1681 3261 1881 3310 timoris
1899 3275 2078 3311 causas
2100 3274 2156 3311 se
2176 3260 2366 3311 habere
2387 3261 2440 3311 in
2463 3259 2815 3325 magnitudine

630 3323 915 3387 Principis,
938 3339 1112 3375 amore
1135 3332 1360 3382 senatus,
1377 3324 1677 3376 infirmitate
1699 3339 1809 3383 sna,
1828 3327 1920 3375 sed
1943 3334 1999 3376 et
2021 3326 2272 3377 accedere
2294 3327 2419 3377 alias
2442 3340 2508 3376 ex
2529 3336 2815 3390 conspectu

633 3403 735 3438 non
760 3403 936 3439 eornm
960 3388 1129 3447 modo,
1152 3391 1238 3454 qni
1276 3397 1558 3453 presentes
1592 3399 1732 3454 sunt,
1754 3392 1845 3440 sed
1872 3392 2070 3442 illorum
2093 3406 2313 3456 quoque,
2347 3407 2475 3454 quos
2505 3392 2645 3442 velut
2682 3405 2816 3455 prae·

630 3462 827 3571 {reme}
833 3453 995 3504 oculis
1015 3454 1152 3571 suisV
1143 3455 1410 3506 obversari
1432 3454 1695 3522 fingebat.'
1727 3456 1961 3522 Scheffer.
2015 3457 2152 3509 Vide
2169 3458 2325 3508 Nott.
2342 3458 2495 3509 Varr.
2538 3458 2661 3522 quod
2681 3455 2813 3507 video

685 3526 757 3571 et·
831 3528 1006 3571 utean.
1026 3527 1084 3571 et
1154 3526 1226 3572 at.

1614 3618 1835 3671 NOTAE

647 3729 654 3736 ·
699 3721 723 3751 ο
752 3713 934 3778 Ambo]
966 3714 1131 3765 Roma
1159 3722 1216 3767 et
1238 3715 1576 3767 Theodosius.
1768 3716 1992 3767 dendum
2047 3713 2208 3768 ‘visum
2251 3724 2333 3769 est
2373 3732 2440 3769 ex
2493 3716 2729 3769 Livineio
2760 3722 2814 3767 et

696 3790 723 3825 ὓ
752 3791 914 3855 Atque
949 3791 1282 3859 hereditoria]
1333 3793 1398 3845 In
1436 3793 1550 3844 aliis
1590 3801 1687 3859 est,
1765 3793 2041 3845 Balduino.
2127 3795 2317 3846 Sensus
2357 3809 2478 3845 vero
2520 3801 2621 3853 est,
2667 3795 2813 3860 quasi

625 3871 767 3933 atque
785 3870 900 3918 adeo
918 3867 1240 3920 meditaris.
1765 3885 1869 3921 non
1890 3872 2013 3921 satis
2037 3872 2231 3924 timoris
2255 3874 2528 3937 incutiant,
2551 3888 2666 3937 qum
2701 3887 2814 3922 ver·

694 3950 719 3979 ⁶
750 3944 813 3993 In
842 3945 1050 4008 posteris
1079 3944 1204 4009 sais]
1253 3932 1412 3999 Quasi
1441 3947 1596 4000 hodie
1631 3947 1686 4000 in
1766 3954 1948 3997 sautnr
1968 3949 2034 3999 ob
2058 3952 2258 4011 oculos,
2290 3965 2476 4015 nempe
2514 3958 2722 4001 senatus
2757 3956 2813 4000 et

630 4018 855 4082 posteris
876 4020 982 4069 suis
1003 4020 1378 4073 reviviscentes
1411 4023 1529 4075 huic
1554 4038 1684 4075 mem
1758 4020 2079 4088 ‘imperator3
2112 4035 2394 4078 occurrunt
2427 4033 2678 4093 preterea
2698 4026 2813 4078 alin

581 4127 584 4130 «
630 4095 848 4145 orationi
868 4093 1320 4150 ceramintersint.
1765 4100 1961 4150 timoris
1997 4116 2187 4161 causae,
2225 4118 2413 4167 nempe
2449 4110 2675 4155 veterum
2700 4117 2813 4155 ora-

695 4169 716 4203 s
750 4172 914 4228 Video,
946 4175 1069 4237 qaod
1109 4174 1324 4238 mam]
1358 4176 1496 4228 Illud
1530 4177 1686 4241 uideo,
1765 4183 1932 4228 torum
1950 4180 2216 4246 cogitatio,
2233 4195 2361 4246 quos
2383 4182 2467 4232 bic
2487 4179 2813 4232 intuerimihi

632 4247 771 4313 quod
793 4249 944 4301 abest
970 4250 1026 4300 in
1055 4248 1281 4303 editione
1316 4251 1572 4310 puteana,
1597 4253 1683 4303 sd·
1765 4254 1960 4305 videor.
