3084 4959
2405 336 2583 404 11³6

361 502 472 564 cet
497 502 659 564 tunc
699 495 931 579 regia,'
954 516 1221 563 summa
1258 504 1488 564 tamen
1531 496 1857 580 religione
1886 501 2311 583 susceptum,
2339 495 2581 566 futurae

362 598 747 685 majestatis
781 598 1058 664 dedisse
1090 600 1479 683 primordia,
1509 605 1588 665 ut
1609 619 1763 666 esse
1790 607 2036 685 posset
2066 599 2314 667 domus
2343 587 2582 666 Caesa·

360 722 533 782 rum,
576 722 736 787 quae
780 702 1113 768 Herculis
1136 703 1380 770 suisset
1407 702 1798 786 hospitium.
1883 706 1951 769 4.
1993 702 2164 772 Jure
2207 704 2415 788 igitur
2453 703 2584 769 hoc

361 804 494 881 die,
534 823 672 888 quo
701 805 1102 874 immortalis
1147 814 1337 872 ortus
1377 807 1672 873 dominae
1711 805 2010 890 g'entium
2032 814 2063 855 ⁸
2092 806 2397 872 civitatis
2427 824 2583 873 ves-

361 912 469 971 tra
497 908 749 991 pietate
787 906 1185 988 celebratur,
1230 908 1354 973 tibi
1390 908 1845 993 potissimum,
1890 908 2280 992 Imperator
2304 906 2584 987 invicte,

361 1009 971 1088 laudes‘canimuffi
1015 1016 1088 1075 et
1131 1010 1387 1094 gratias
1434 1010 1724 1101 agimus,
1769 1031 1969 1095 quem
2009 1010 2379 1076 similitudo
2420 1010 2585 1094 ipsa

308 1160 319 1162 -
364 1112 601 1196 stirpis
647 1119 807 1184 tuae,
854 1131 939 1176 ac
968 1113 1073 1177 vis
1104 1113 1316 1178 tacita
1362 1120 1629 1179 naturae
1675 1112 1765 1179 ad
1790 1112 2256 1179 honorandum
2283 1112 2584 1178 natalem

363 1212 614 1278 'Romae
665 1214 844 1279 diem
874 1216 1015 1278 tam
1042 1213 1387 1279 liberalem
1416 1213 1607 1293 facit,
1634 1217 1713 1279 ut
1738 1215 1971 1279 urbem
2014 1214 2200 1279 illam
2244 1215 2346 1279 sic
2387 1212 2583 1279 colas

322 1313 329 1320 ⁹
364 1314 736 1393 conditam,
766 1316 971 1400 quasi
1000 1318 1150 1400 ipse
1180 1316 1597 1382 condideris.
1684 1318 1751 1382 5.
1798 1316 1910 1382 Re
1937 1335 2099 1400 vera
2127 1316 2329 1393 enim,
2360 1334 2586 1381 sacra-

360 1417 620 1482 tissime
648 1417 1051 1502 Imperator,
1082 1418 1322 1483 merito
1353 1418 1582 1501 quivis
1607 1426 1701 1498 te,
1740 1423 2062 1502 tuumque
2090 1415 2408 1497 fratrem?
2438 1416 2588 1482 Ro·-

360 1521 550 1587 mani
608 1521 873 1604 imperii
928 1520 1178 1586 dixerit
1234 1521 1645 1587 conditores.
1729 1520 1922 1585 Estis
1979 1519 2180 1599 enim,
2241 1519 2431 1605 quod
2486 1524 2590 1584 est

360 1621 776 1705 proximum,
819 1622 1281 1688 restitutores:
1326 1629 1395 1689 et
1440 1624 1535 1689 sit
1577 1620 1777 1689 licet³
1827 1622 1942 1688 hic
1990 1621 2096 1687 illi
2139 1622 2289 1687 urbi
2337 1620 2588 1687 natalis

361 1723 542 1802 dieS,
587 1724 767 1808 quod
815 1722 1137 1808 pertinetj
1186 1724 1277 1790 ad
1326 1727 1647 1810 originem
1693 1725 1939 1810 populi
1982 1721 2328 1806 Romani3
2382 1722 2587 1790 vestri

360 1815 631 1909 'imperii
662 1826 861 1910 primi
889 1826 1038 1891 dies
1069 1836 1228 1892 sunt
1255 1828 1600 1912 principes
1633 1827 1724 1893 ad
1756 1829 2067 1893 salutem.

447 1925 629 1991 cu.
662 1942 745 1993 11.
794 1925 858 1991 1.
891 1925 1122 2007 Quare
1150 1927 1213 1993 si
1242 1937 1420 1993 nunc
1453 1927 1699 1994 Romae
1747 1948 1982 1995 omnes
2032 1929 2484 2013 magistratus,
2513 1933 2586 1994 et

1057 349 1627 404 muneramus.
1703 350 1789 404 ιι.
1830 336 1899 402 2.

1288 2107 1662 2132 “WO

358 2205 534 2273 ‘veteri
567 2223 750 2275 codice
790 2225 1050 2289 reperim
1090 2227 1264 2277 «ame.
1331 2227 1404 2277 nt
1446 2226 1523 2276 ne
1558 2225 1813 2278 cenum„
1852 2225 2039 2287 edidit,
2070 2223 2278 2275 aarum
2294 2240 2315 2282 ,·
2349 2221 2591 2274 Pataui.

357 2289 571 2339 adiisse.-
606 2293 760 2341 etiam
779 2290 834 2340 in
857 2299 1040 2343 nostro
1063 2291 1270 2354 codice,
1293 2299 1350 2342 et
1375 2298 1599 2356 utroque
1623 2292 1869 2341 Gudiano
1893 2291 2028 2340 libro
2046 2296 2197 2339 extat
2216 2289 2408 2365 παίσας·
2458 2287 2590 2339 Mis-

358 2355 726 2483 :zwffgx
761 2354 1555 2483 &33024532233322‘355
1575 2354 2590 2481 'ssffiaeffitfffffipffzffffifw

358 2484 475 2532 licet
495 2452 651 2545 regia.
716 2454 826 2535 i’ro
845 2491 1116 2549 susceptum
1136 2484 1410 2536 Acidalius
1438 2486 1579 2549 conj.
1610 2488 1943 2549 urceum—4
1966 2493 1982 2515 ‘
2001 2485 2066 2534 Iu
2089 2483 2270 2535 codice
2298 2488 2498 2544 nostro,
2531 2488 2590 2533 et

361 2547 418 2598 in
439 2547 605 2635 alter?
627 2549 760 2600 libro
785 2550 1033 2601 Gudiauo
1053 2551 1293 2628 legimus,
1317 2566 1374 2600 uo
1395 2551 1472 2600 eis
1500 2555 1650 2600 tanto
1669 2556 1877 2601 namra.
1945 2548 2103 2599 Haud
2129 2547 2373 2609 absurde,
2396 2547 2594 2623 utppi·

361 2613 2291 2752 2²2·¹:3¹1..33⁶·322².;2.‘.“·v‘z.⁶32¹12ss?⁰‡.{'?.⁸‘s2r.{.ff³¹zt”f2†„Easxztz·
2320 2611 2591 2727 &³¹⁷¹ss

364 2739 550 2791 codice
573 2743 855 2809 Schwarzii
879 2758 1048 2808 neque
1065 2744 1152 2802 sit,
1183 2759 1354 2809 neque
1375 2744 1447 2792 sic
1472 2744 1683 2807 iegitur.
1750 2745 1883 2793 Exc.
1911 2742 2101 2793 Schon.
2120 2748 2176 2792 et
2201 2740 2485 2799 Livineius,
2503 2740 2594 2790 sit.

363 2795 517 2861 Mox,
536 2808 774 2872 pertineat
796 2809 915 2859 cod.
940 2809 1240 2871 Schmun,
1271 2811 1405 2861 alter
1428 2808 1572 2870 Gud.
1598 2809 1820 2872 cuspin.
1855 2807 2089 2858 Rhenan.
2126 2807 2196 2856 Η.
2230 2807 2414 2869 steph.
2436 2806 2590 2856 Paul.

365 2870 552 2934 Steph.
572 2877 632 2921 'et
670 2873 845 2922 Rivin.
875 2875 1087 2937 pertinet
1110 2874 1317 2924 Bertin.
1356 2873 1603 2937 Livineii,
1642 2874 1964 2923 parisienses
2000 2887 2086 2936 ap.
2122 2872 2384 2921 Schwarz.
2419 2876 2475 2920 et
2504 2883 2588 2920 re-

367 2943 537 2986 centt.
568 2937 884 2987 Schwarzins
908 2938 1185 3003 aliquando
1213 2938 1569 3003 conjectabat,
1589 2943 1703 2988 aaut
1718 2937 1958 3002 principes
1977 2938 2102 3001 quod
2120 2939 2185 2986 ud
2204 2936 2424 2985 sulutem.

435 2999 571 3049 cu.
589 3014 654 3052 ιι.
690 3006 718 3050 1
737 3003 902 3059 Quare
919 3003 964 3051 si
988 3004 1156 3053 Roma
1172 3019 1302 3053 nunc
1322 3003 1640 3064 magistratus
1660 3017 1839 3053 omnes
1862 3008 1991 3051 vett.
2018 3016 2106 3064 ap.
2130 3000 2357 3049 Putean.
2425 2998 2588 3075 Quare

375 3064 420 3113 si
443 3071 560 3115 tane
582 3066 650 3117 R.
681 3082 844 3118 omnes
863 3067 1184 3131 ntugistratus
1204 3068 1378 3120 Rheu-
1401 3074 1455 3119 et
1479 3068 1552 3118 Η.
1574 3068 1757 3132 Steph.
1828 3068 1990 3124 Quare
2009 3067 2054 3115 si
2074 3079 2199 3116 nunc
2220 3064 2388 3113 Roma
2408 3076 2587 3124 magns-

1274 3248 1311 3261 ..
1368 3177 1597 3266 norm

431 3318 459 3354 s
491 3308 723 3360 Domine
753 3309 999 3374 gentium]
1036 3311 1236 3361 Romae.
1297 3308 1438 3362 Vide

364 3385 748 3451 Panegyricum
782 3394 1172 3450 sequentem-c.
1206 3400 1314 3437 ιιι.
1345 3386 1437 3442 ubi

365 3463 535 3512 multa
558 3463 610 3511 in
634 3463 765 3514 hanc
789 3476 898 3513 rem
922 3475 1282 3526 congeremus.

422 3537 455 3574 δ
491 3538 732 3601 Tuamque
752 3537 991 3601 fratrent]
1042 3537 1436 3588 Diocletianum

364 3620 516 3679 puta,
537 3628 691 3679 quem
715 3615 868 3677 hujus
891 3620 948 3665 et
969 3613 1239 3678 sequentis
1261 3613 1435 3665 Pane·

361 3691 534 3755 gyrici
552 3697 736 3740 auctor
749 3689 1054 3740 Maximiani
1069 3687 1286 3740 fratrem
1302 3704 1436 3740 sem·

364 3780 461 3831 per
494 3766 732 3829 appellat
751 3781 768 3825 ς
801 3766 913 3815 sive
935 3765 1094 3831 quod,
1115 3774 1175 3817 ut
1199 3765 1337 3816 idem
1359 3766 1436 3817 ait

363 3854 482 3904 cap.
521 3854 649 3891 vm.
695 3842 983 3891 Romanum
1018 3842 1290 3907 imperium
1327 3857 1434 3894 am·

362 3917 430 3967 bo
466 3916 704 3967 fraterna
727 3916 1009 3967 concordia
1044 3921 1307 3982 regerent,
1339 3931 1435 3970 seu

361 3993 503 4059 quod
527 3992 809 4043 virtutibus
830 3992 1022 4043 fratres
1047 4002 1239 4046 essent.

426 4070 442 4105 ¹
478 4071 548 4120 Et
569 4071 642 4121 sit
662 4070 799 4133 licet]
833 4071 1005 4121 Lucus
1029 4072 1114 4122 hic
1136 4071 1330 4137 objecit
1352 4086 1436 4123 er·

361 4162 534 4197 rorem
569 4146 903 4208 chronologis
939 4148 1225 4213 plerisque,
1256 4153 1313 4198 et
1347 4163 1437 4198 an·

362 4223 553 4275 uallum
589 4222 1037 4289 historiarumque
1075 4223 1440 4290 scriptoribus,

1520 3310 1613 3377 qui
1649 3310 1772 3361 iude
1803 3311 2150 3375 collegerunt,
2188 3307 2585 3358 Diocletianum

1518 3398 1574 3438 et
1595 3388 1974 3439 Maximianum
1999 3385 2280 3456 Palilibus,
2299 3384 2353 3436 id
2375 3392 2476 3444 est,
2499 3398 2584 3435 ιι.

1517 3465 1641 3515 Kal.
1659 3465 1851 3527 Maias,
1871 3465 2149 3528 imperium
2181 3462 2477 3526 auspicatos
2501 3475 2584 3517 es-

1516 3547 1575 3589 'se
1593 3556 1610 3602 ς
1632 3539 1707 3589 ita
1721 3546 1782 3591 ut
1800 3538 1939 3590 idem
1956 3539 2091 3602 urbi,
2109 3538 2198 3603 qui
2221 3544 2276 3587 et
2299 3537 2399 3587 iilis
2419 3537 2583 3601 impe-

1516 3614 1584 3664 rii
1618 3614 1777 3665 fuerit
1811 3614 2017 3664 natalis.
2085 3612 2163 3662 At
2196 3612 2387 3662 meritc
2426 3611 2584 3664 Peta-

1517 3690 1625 3741 vius
1647 3690 1715 3741 de
1736 3691 2001 3741 Doctrina
2020 3689 2338 3752 Temporum
2361 3700 2479 3751 cap.
2500 3690 2585 3741 80.

1515 3771 1678 3830 negat
1714 3765 1871 3816 ullam
1901 3766 1976 3815 iis·
2000 3766 2051 3815 iu
2073 3763 2248 3814 verbis
2271 3763 2477 3813 literam
2499 3779 2585 3815 es·

1515 3855 1594 3905 se,
1616 3854 1720 3905 qua
1744 3840 1958 3905 probari
1978 3838 2033 3889 id
2055 3839 2239 3905 possit.
2290 3838 2463 3890 Immo
2485 3838 2584 3889 ibi-

1515 3915 1635 3968 dem
1677 3916 1754 3967 ait
1788 3916 1900 3967 dies
1932 3916 2051 3966 illos
2083 3914 2355 3977 constitui,
2388 3923 2445 3966 et
2477 3916 2582 3966 oce?

1516 3993 1753 4045 ἀντίθεσιν
1780 3993 1995 4058 opponi.

1582 4071 1601 4115 ³
1623 4072 1764 4128 Quod
1783 4070 2023 4136 pertinet]
2050 4068 2436 4121 Bertinionsem
2458 4083 2582 4134 apo-

1518 4149 1769 4213 graphum
1784 4161 1975 4213 sequor
1991 4163 2008 4209 ς
2032 4146 2083 4197 ἰιι
2100 4146 2215 4197 aliis
2229 4152 2331 4211 est,
2344 4147 2468 4209 qaod
2475 4161 2585 4210 per-

1519 4225 1693 4283 tineat,
1718 4222 1771 4275 id
1792 4229 1893 4288 est,
1917 4227 2167 4289 quantum
2187 4220 2449 4287 pertinen
2485 4220 2579 4273 sed
