3084 4959
465 372 663 439 1334*
1109 387 1426 438 rncsa'rr
1478 388 1627 438 PAN
1640 387 2026 440 sermons

467 536 747 617 integrae
803 533 1176 616 solidaeque
1226 533 1427 612 vires,
1485 532 1598 598 hic
1670 535 1879 599 totius
1939 533 2243 619 corporis
2300 534 2511 616 vigor,
2570 534 2680 599 hic

463 637 934 720 imperatorius
982 635 1185 700 ardor
1231 635 1597 715 oculorum,
1641 638 2070 702 immaturum
2110 638 2319 702 otium
2365 656 2683 720 sperasse

464 739 805 802 miramur.
889 737 954 802 6.
1002 737 1190 816 Quid
1238 739 1420 802 enim
1472 739 1709 804 aliud⁸
1752 740 2073 824 participi
2118 739 2496 823 majestatis
2543 747 2680 806 tuae
2735 799 2742 804 .

465 840 626 906 dare
655 841 880 923 potuit
910 841 1175 905 veniam
1207 841 1484 924 quietiS,
1515 862 1722 926 quam
1753 849 1828 907 ut
1856 851 1928 906 tu
1960 829 2243 926 imperio
2274 841 2682 908 succederes

467 962 592 1027 pro
622 943 891 1007 duobus
911 943 941 1005 'l

553 1043 743 1110 CAP.
783 1063 864 1110 x.
954 1047 1018 1112 l.
1065 1047 1201 1113 Sed
1253 1048 1564 1131 profecto
1608 1048 1838 1129 exegit
1884 1048 2014 1112 hoc
2059 1047 2211 1130 ipsa
2252 1047 2570 1124 varietaS,
2617 1052 2683 1111 et

465 1154 701 1213 natura
740 1148 1051 1227 fortunae,
1099 1150 1210 1215 cui
1251 1151 1413 1215 nihil
1460 1156 1719 1216 mutare
1762 1151 2072 1227 licuerat,
2104 1149 2263 1213 dum
2305 1167 2428 1212 vos
2470 1148 2685 1232 impe-

465 1250 634 1314 rium
681 1252 1014 1329 teneretiS,
1055 1259 1131 1316 ut
1175 1251 1299 1317 illa
1347 1253 1586 1336 viginti
1633 1272 1959 1316 annorum
2015 1252 2343 1316 continua
2403 1250 2687 1316 felicitas

463 1353 820 1419 intervallo
850 1353 1081 1437 aliquo
1112 1353 1669 1436 distingueretur:
1714 1360 1836 1416 aut
1867 1353 2071 1418 etiam
2102 1353 2221 1418 Dii
2268 1352 2682 1416 immortales

462 1457 754 1542 probare
782 1457 1160 1533 voluerunt,
1191 1457 1313 1521 tibi
1343 1457 1639 1520 innixam
1673 1457 1944 1520 stetisse
1981 1455 2490 1538 rempublicam,
2524 1474 2680 1520 cum

466 1561 614 1625 sine
668 1564 733 1622 te
785 1565 959 1623 stare
1003 1578 1137 1622 non
1187 1564 1442 1641 posset.
1533 1557 1598 1622 2.
1646 1555 2058 1639 Quanquam
2106 1558 2178 1620 in
2224 1558 2376 1621 istis
2410 1557 2681 1640 quidem

462 1657 830 1747 partibus*
888 1680 1023 1725 non
1083 1662 1304 1726 caruit
1336 1661 1648 1744 -pristina
1704 1660 2059 1724 firmitate:
2120 1659 2215 1724 ibi
2265 1678 2428 1724 vero
2488 1679 2692 1743 paene

463 1763 769 1828 funditus
801 1766 1072 1841 corruit,
1105 1764 1285 1828 unde
1330 1770 1428 1842 tu,
1475 1762 1920 1840 Maximiano,
1950 1762 2390 1830 discesseras,
2478 1761 2682 1827 Adeo

462 1865 613 1929 illio
662 1865 1020 1948 plurimum
1069 1865 1401 1929 habuerat
1448 1862 1843 1928 stabilitatis
1904 1869 2190 1941 asserta,
2244 1863 2364 1926 ubi
2416 1861 2683 1927 deserta

465 1967 766 2032 maxime
795 1968 1162 2032 vacillavit.
1249 1968 1313 2032 3.
1360 1965 1431 2032 N
1435 1986 1525 2031 on
1573 1966 1770 2031 aliter
1817 1966 2015 2043 euim,
2049 1985 2250 2049 quam
2280 1966 2458 2030 solet
2486 1970 2683 2040 terra,

461 2070 688 2134 ventis
732 2074 849 2133 aut
890 2069 1091 2153 aquis
1142 2070 1376 2134 subter
1417 2068 1765 2144 immissis,
1796 2067 2166 2133 intervnlsa
2194 2067 2303 2131 sui
2333 2066 2684 2132 soliditate

462 2177 715 2248 nutare,
756 2172 856 2235 ita
897 2180 1151 2236 cuncta
1196 2170 1420 2245 Italia,
1467 2177 1679 2253 atque
1719 2170 1876 2253 ipsa
1915 2168 2164 2246 Roma,
2205 2169 2542 2235 subducta
2579 2188 2680 2234 re-

462 2280 696 2358 pente,
726 2291 861 2357 qua
906 2281 1288 2341 sustentata
1332 2257 1572 2348 fuerat,
1615 2272 1894 2337 dextera
1938 2278 2079 2349 tua,
2129 2271 2553 2347 contremuit,
2590 2288 2681 2335 'ac

462 2394 667 2459 paene
712 2375 1046 2441 consedit.
1131 2376 1203 2438 4.
1249 2375 1454 2454 Quod
1501 2395 1628 2456 ego
1680 2375 1928 2439 cursim
1974 2379 2282 2439 transeo:
2344 2392 2464 2439 cur
2505 2373 2681 2438 enim

466 2477 581 2543 vel
627 2476 1055 2543 recordemur
1104 2475 1414 2554 adversa,
1446 2497 1599 2542 cum
1629 2475 1982 2541 videamus
2030 2476 2260 2541 omnia
2306 2482 2424 2539 tuo
2468 2474 2679 2539 reditu

463 2580 818 2647 restituta?
876 2581 944 2645 5.
991 2579 1184 2645 Fecit
1207 2580 1383 2644 enim
1416 2577 1646 2643 Roma
1673 2578 1831 2661 ipsa
1861 2597 1986 2661 pro
2011 2577 2363 2662 majestate
2387 2576 2679 2641 nominis

465 2683 598 2763 sui,
622 2690 703 2748 ut
729 2680 1138 2758 ostenderet,
1162 2701 1367 2766 posse
1399 2700 1475 2748 se
1508 2682 1712 2746 etiam
1747 2679 2282 2764 Imperatoribus
2310 2676 2688 2761 imperare.i

1393 2846 1604 2867 OOOOOOO
1606 2844 1754 2866 mOO

463 2949 553 2994 aaut
587 2946 806 2995 valetudo
847 2945 1164 3011 deficeres—6
1201 2946 1409 2998 Puteol.
1458 2913 1694 2999 Rhenau.
1732 2947 1799 2996 P.
1829 2952 1886 2996 et
1926 2944 1996 2995 H.
2035 2943 2219 3007 steph.
2248 2949 2303 2991 et
2339 2941 2512 2993 Rivin.
2542 2944 2680 2995 venia

464 3008 673 3074 quietim
697 3010 925 3074 Guelpb.
949 3013 1071 3061 Vet.
1093 3012 1322 3064 Putean.
1347 3006 1525 3065 Vauof.
1546 3011 1703 3063 Grnt.
1726 3018 1783 3061 et
1806 3016 2031 3060 reeentt.
2050 3009 2236 3059 veniam
2257 3008 2451 3072 quietis.

532 3075 670 3125 CAP.
695 3088 751 3124 x.
807 3082 833 3126 1
872 3075 971 3125 Sed
1001 3092 1054 3153 p.
1076 3077 1324 3139 exigitP.
1363 3087 1418 3127 et
1450 3078 1516 3127 H.
1546 3079 1732 3143 steph.
1789 3076 1938 3139 Sedp
1940 3075 2140 3136 augit
2162 3081 2355 3123 eeterae
2380 3072 2502 3123 edd.
2525 3080 2581 3122 et
2605 3053 2679 3123 sie

464 3140 745 3202 legijussit
767 3138 968 3191 Acidal.
1026 3141 1128 3206 ipsa
1152 3144 1297 3191 abest
1323 3142 1551 3205 aGuelp
1555 3145 1605 3192 b.
1663 3141 1797 3192 XX.
1817 3153 2049 3191 annorum
2070 3139 2191 3188 edd.
2213 3145 2343 3187 vett.
2396 3139 2576 3200 viginti
2596 3155 2679 3189 an·

463 3219 633 3253 norum
655 3205 778 3255 Vet.
804 3206 973 3256 Lirin.
1022 3207 1262 3256 voluerint
1283 3207 1490 3257 Puteal.
1516 3216 1573 3256 et
1604 3208 1772 3258 Lirin.
1828 3206 2071 3255 voluerunt
2096 3205 2217 3255 Vet.
2250 3203 2414 3253 Liviu.
2450 3205 2683 3253 Rhenan.

467 3277 522 3317 et
545 3268 668 3318 edd.
691 3279 915 3320 recentt.
970 3270 1060 3319 tibi
1091 3272 1176 3320 uni
1199 3270 1416 3323 innixam
1440 3270 1627 3322 Acidal
1634 3275 1745 3321 .-2
1783 3271 2003 3333 Quinque
2025 3269 2078 3319 ιἰι
2108 3270 2270 3318 Liviu.
2329 3270 2648 3332 Quemquam
2631 3284 2684 3318 ιιι

463 3333 589 3386 Vet.
636 3333 807 3385 Lirin.
843 3335 1059 3400 Cuspio.
1104 3335 1336 3387 Rheuau.
1373 3345 1430 3388 et
1467 3339 1684 3403 reliquae
1724 3335 1846 3385 edd.
1899 3336 2034 3386 Adeo
2061 3335 2138 3384 hic
2166 3335 2341 3385 Moerl.
2373 3342 2429 3384 et
2451 3334 2679 3400 Guelph.

1466 3488 1685 3539 No'rAE

530 3592 556 3628 s
592 3583 727 3640 Quia
777 3584 905 3634 enim
952 3583 1109 3647 aliud]
1165 3585 1358 3636 Sensus
1409 3593 1531 3638 est:
1616 3585 1920 3638 Maxentius
1944 3585 2099 3633 miras
2127 3583 2304 3634 turbas
2327 3583 2597 3633 excitavit.

466 3660 608 3714 Quid
652 3660 790 3709 enim
847 3659 987 3710 aliud
1035 3658 1158 3721 fuit,
1198 3663 1531 3725 quamobrem
1686 3661 2104 3726 ¹Imperatoribus
2147 3661 2408 3725 imperare]
2477 3659 2539 3709 ld
2587 3667 2685 3722 est,

462 3737 800 3789 Diocletiano
824 3737 1027 3799 imperii
1059 3739 1134 3787 tui
1160 3740 1305 3787 socio
1331 3741 1531 3790 veniam
1616 3740 1958 3803 Maximiano,
1991 3739 2075 3788 cui
2114 3739 2278 3787 Roma
2312 3751 2409 3800 pro
2444 3750 2535 3785 sno
2558 3736 2683 3800 jure

460 3814 780 3878 dederimus,
816 3813 953 3879 qtiod
989 3815 1215 3879 quietem
1258 3816 1534 3878 imperato·
1617 3816 1880 3880 praecipit,
1909 3823 1967 3864 ut
2001 3815 2294 3878 depositum
2330 3819 2560 3862 resumat
2592 3811 2685 3860 im-

461 3890 552 3941 riis
588 3891 852 3942 laboribus
889 3893 1254 3956 praeposuerit,
1287 3893 1385 3943 uisi
1410 3894 1534 3958 quia
1566 3935 1573 3940 .
1613 3892 1833 3955 perium.
1902 3892 2102 3942 Eadem
2135 3892 2407 3952 ‘exercitus
2445 3888 2684 3938 Maximi-

462 3971 544 4021 nic
583 3968 781 4035 effecit,
811 3978 872 4018 ut
912 3977 966 4019 tu
1005 3984 1098 4031 pro
1132 3970 1336 4024 dnobus
1369 3972 1533 4038 impe·
1615 3983 1715 4018 ano
1748 3969 1988 4033 abduxit,
2023 3984 2138 4019 cum
2181 3968 2413 4031 privatus
2441 3968 2492 4015 in
2519 3967 2686 4017 Luca·

458 4047 595 4106 rium
620 4047 1008 4098 administrares
1031 4047 1050 4095 ?
1613 4049 1752 4097 niam
1796 4048 2079 4109 concessit,
2106 4046 2394 4110 'eidemque
2436 4045 2683 4106 reddidit,

425 4122 428 4125 ’
524 4123 553 4157 ¹¹
587 4125 650 4173 In
681 4124 788 4173 istis
823 4125 1010 4187 quidem
1043 4125 1285 4192 partibus]
1328 4126 1387 4175 ld
1431 4132 1529 4188 est,
1613 4138 1728 4182 cum
1754 4125 2002 4175 adversus
2021 4124 2353 4176 Maxentium
2376 4137 2495 4174 cum
2519 4122 2685 4187 copiis

462 4202 517 4252 iu
541 4201 746 4258 Galliis,
770 4202 855 4251 ubi
891 4202 1006 4252 baec
1040 4203 1209 4252 oratio
1243 4201 1531 4255 dicebatur.
1614 4216 1915 4267 progressus
1939 4206 2044 4252 est.

462 4279 597 4331 Mox
616 4278 685 4329 ibi
705 4294 832 4335 vero,
854 4278 909 4330 id
944 4284 1046 4344 est,
1067 4278 1121 4329 iu
1152 4278 1328 4337 Italia,
1353 4280 1404 4330 in
1427 4296 1529 4349 qua
