3084 4959
508 339 683 409 1186
961 357 1030 406 c.
1074 358 1146 407 c.
1192 350 1631 411 scuwAnu
1685 356 2256 407 rnocncomssu

505 499 729 569 tantia
766 501 998 567 testari
1039 501 1388 579 voluerint,
1419 501 1854 567 nihilominus
1891 509 2155 586 gentem
2187 499 2720 571 Christianorum

505 603 779 669 tandem
829 622 873 667 a
922 624 998 669 se
1052 610 1453 688 prostratam
1500 624 1585 669 ac
1633 606 2105 690 triumphatam
2151 624 2326 670 esse.
2417 605 2511 671 Et
2554 626 2717 672 sane

504 708 651 772 haec
689 707 847 791 ipsa
881 707 1031 773 laus
1070 707 1158 771 ab
1202 712 1479 797 utroque
1520 707 1654 773 hoc
1684 707 1990 790 Augusto
2031 708 2235 791 impie
2276 708 2481 772 etiam
2508 709 2577 773 in
2607 727 2716 773 ve-

504 813 645 874 tere
690 810 921 894 lapide
964 810 1257 893 quaesita
1297 818 1422 887 est,
1464 829 1663 894 quern
1711 810 1946 894 paullo
1990 815 2142 901 ante
2185 829 2224 874 e
2267 808 2561 877 Grutero
2608 811 2718 876 de·-

503 911 769 995 scripsi.
871 906 1198 998 Idemque
1245 914 1569 979 observat
1621 913 2088 997 SpanhemiuS,
2136 913 2291 1001 istis
2339 913 2716 981 hominibus

497 1015 892 1081 furientibus
937 1014 1154 1080 visum
1198 1035 1352 1080 esse
1398 1016 1780 1100 symbolum
1829 1015 2114 1099 Hydrae,
2149 1015 2222 1081 in
2266 1015 2398 1080 hoc
2440 1035 2713 1083 nummo

500 1135 866 1201 expressae,
896 1116 1080 1181 haud
1126 1117 1304 1182 male
1350 1117 1630 1183 scilicet
1670 1107 2004 1202 quadrare
2050 1117 2121 1182 in
2167 1117 2615 1197 ChristianoS,
2646 1123 2715 1184 et

501 1220 763 1285 sociam
807 1220 1163 1303 utriusque
1192 1219 1495 1302 Augusti
1536 1220 1607 1284 in
1640 1239 1739 1284 ¹ea
1766 1225 1958 1284 secta
1986 1218 2386 1284 debellanda
2415 1239 2714 1303 operam.

501 1322 725 1391 Etiam
755 1321 1085 1405 BegeruS,
1115 1342 1269 1387 cum
1300 1321 1587 1387 eundem
1629 1310 1998 1401 nummum,
2029 1324 2103 1386 in
2131 1321 2479 1387 Thesauro
2513 1322 2713 1390 Pala-

500 1425 665 1503 tino,
695 1445 850 1509 pag.
879 1424 1029 1489 361.
1062 1424 1400 1509 explicat:
1447 1430 1469 1460 ‘
1492 1423 1688 1490 Licet
1729 1424 1843 1489 hic
1886 1425 2242 1504 nummus,'
2287 1427 2530 1510 inquit,
2573 1435 2591 1462 ‘
2624 1426 2714 1491 ad

498 1533 887 1613 prostratos
930 1525 1336 1592 Maximiani
1380 1526 1614 1595 hostes
1652 1529 1894 1616 procul
1926 1526 2136 1592 dubio
2169 1529 2261 1593 sit
2292 1528 2712 1608 referendus;

496 1630 814 1707 fortassis
844 1636 1071 1694 tamen
1104 1629 1766 1719 adpersecutionem
1799 1629 2001 1696 etiarn
2035 1628 2713 1706 Christianorumbre-

498 1732 725 1798 tulerit
766 1733 969 1796 homo
1014 1731 1339 1797 ethnicus.
1403 1729 1817 1809 Christiani,
1857 1739 1934 1799 ut
1977 1720 2214 1815 palma
2253 1733 2528 1811 nobiliS‚
2556 1733 2714 1817 ipsa

496 1836 567 1903 in
612 1835 999 1900 calamitate
1043 1852 1420 1911 surrexere,
1450 1841 1519 1898 et
1560 1852 1651 1897 ex
1688 1833 2000 1907 cladibus
2043 1835 2188 1899 suis
2210 1836 2713 1921 numerosiores

496 1936 850 2022 prodiere:
903 1937 974 2001 id
1023 1937 1275 2015 inimici
1322 1942 1877 2020 comparaverunt
1921 1935 2205 2021 Hydrae,
2252 1956 2409 2020 quae
2452 1942 2518 2001 et
2556 1938 2712 2020 ipsa

496 2047 658 2123 post
710 2041 942 2106 clades
986 2040 1442 2105 numerosiore
1489 2039 1797 2123 capitum
1843 2039 2115 2104 luxuria
2156 2039 2526 2104 increvisse
2556 2058 2710 2127 me-

495 2143 839 2208 moratur?
929 2142 1110 2222 Quae
1138 2144 1298 2227 dum
1330 2142 1581 2221 scribo,
1612 2142 1826 2207 mihi'
1806 2161 1880 2206 ιιι
1906 2149 2217 2235 mentem
2232 2141 2433 2220 venit,
2460 2160 2546 2205 an
2577 2160 2711 2208 non

495 2254 758 2312 veteres
800 2245 1177 2331 Mythologi
1215 2224 1554 2327 fingendae
1586 2243 1840 2311 fahulae
1872 2244 1957 2308 de
1996 2220 2243 2328 Hydra
2272 2245 2710 2339 occasionem

496 2350 799 2432 ceperint
848 2369 893 2414 a
939 2348 1218 2432 polypis
1261 2340 1561 2421 mariniS‚
1611 2346 1698 2412 de
1751 2347 2002 2432 quibus
2051 2365 2505 2431 quaecumque
2550 2366 2710 2431 pars

494 2457 853 2529 resecetur,
882 2451 1080 2515 hodie
1119 2450 1417 2515 nonnulli
1449 2450 1697 2514 Batavi
1729 2458 1798 2515 et
1829 2448 2142 2514 Britanni
2176 2455 2473 2527 narrant,
2505 2468 2595 2514 ex
2626 2469 2713 2515 ea

493 2573 744 2621 novum
774 2556 1096 2638 polypum
1126 2572 1287 2617 mox
1318 2553 1629 2617 existere.
1719 2553 1908 2617 Alter
1946 2571 2110 2618 vero
2148 2571 2484 2628 nummus,
2515 2551 2709 2638 cujus

495 2655 774 2738 figuram
806 2656 1148 2741 principio
1177 2655 1382 2740 hujus
1415 2654 1928 2723 Dissertationis
1949 2653 2427 2739 praefigendam
2452 2654 2709 2733 curavi,

471 2761 564 2825 ·in
595 2761 877 2825 adversa
909 2765 1103 2842 parte
1129 2763 1561 2843 repraesentat
1588 2770 1942 2842 protomen
1969 2757 2376 2822 Diocletiani
2396 2756 2707 2834 laureati,

441 2898 452 2905 ι
494 2880 649 2930 cum
672 2861 801 2927 hac
826 2861 1229 2946 epigraphe:
1275 2850 1411 2924 ι’ΜΡ
1448 2877 1490 2923 o
1520 2879 1562 2927 o
1603 2877 1748 2923 vu.
1782 2876 2361 2938 moonnrumvs
2384 2875 2425 2922 Ρ
2457 2877 2500 2924 F
2531 2875 2708 2937 ave.

391 2952 397 2957 ’
494 2968 541 3037 i
571 2988 629 3032 e.
667 2966 1050 3049 Imperator
1096 2961 1334 3030 Caesar
1377 2962 1589 3028 Caius
1638 2962 1960 3028 Valerius
2009 2962 2485 3028 Diocletianus
2530 2960 2705 3027 Pius

496 3069 699 3134 Felix
730 3067 1101 3149 Augustus.
1192 3066 1275 3131 In
1304 3085 1546 3132 aversa
1577 3071 1768 3150 parte
1797 3067 2064 3150 Jupiter
2091 3067 2468 3148 fulgul-ator
2495 3064 2706 3131 homi-

492 3173 645 3236 ne'm
676 3171 1053 3246 biformem,
1084 3171 1228 3234 sive
1270 3171 1621 3252 gigantem,
1654 3171 1773 3254 qui
1804 3171 2054 3253 pedum
2103 3187 2503 3252 crurumque
2550 3167 2706 3253 loco

493 3274 697 3338 habet
750 3277 1113 3356 serpentes,
1161 3271 1439 3336 fulmine
1476 3277 1941 3356 prostraturus
1990 3270 2272 3337 videtur.
2371 3269 2706 3334 Fabulam

494 3373 787 3444 breviter
828 3374 1029 3440 tradit
1061 3372 1265 3439 ovid.
1297 3374 1489 3461 Fast.
1522 3391 1592 3439 V.
1621 3376 1729 3441 35.
1762 3395 1956 3460 seqq.

666 3480 877 3544 Terra
906 3475 1082 3542 feros
1110 3484 1367 3561 partuS‚
1397 3478 1716 3544 immania
1746 3484 2065 3558 monstra,
2096 3477 2423 3561 Gigantes

715 3626 722 3629 ι
755 3580 1011 3656 Edidit,
1046 3581 1429 3645 ausuros.in
1457 3581 1663 3646 Iovis
1694 3581 1792 3645 ire
1821 3582 2115 3647 domum.

668 3684 865 3750 Mille
894 3702 1135 3748 manus
1163 3682 1303 3748 illis
1334 3683 1543 3760 dedit,
1577 3689 1650 3746 ct
1676 3703 1800 3766 pro
1834 3684 2139 3750 cruribus
2169 3702 2438 3765 angues,

617 3828 624 3833 ·
755 3787 986 3870 Atque
1013 3786 1153 3851 ait:
1198 3786 1268 3849 in
1298 3805 1584 3868 magnos
1612 3804 1806 3851 arma
1835 3794 2097 3851 movete
2129 3786 2354 3853 Deos!

667 3889 1027 3953 Exstruere
1056 3889 1123 3952 hi
1152 3895 1417 3953 montes
1445 3888 1533 3952 ad
1565 3888 1792 3954 sidera
1821 3907 2091 3953 summa
2120 3888 2467 3973 parabant,
2549 3882 2581 3937 ’-

756 3989 849 4053 Et
877 4008 1189 4071 magnum
1219 3988 1400 4055 bello
1433 3989 1778 4054 solicitare
1804 3989 1850 4054 J
1855 4009 2071 4054 ovem.

633 4130 640 4137 ·
669 4091 984 4156 Fulmina
1013 4091 1098 4155 de
1131 4091 1293 4157 coeli
1327 4092 1670 4176 jaculatus
1696 4093 1972 4176 Jupiter
2000 4112 2181 4170 arce,

754 4191 984 4268 Vertit
1011 4194 1083 4261 in
1113 4200 1429 4263 auctores
1457 4195 1757 4280 pondera
1770 4198 1984 4262 'vasta
2014 4214 2205 4260 suos.

496 4297 659 4362 Sine
689 4295 900 4385 dubio
926 4316 1047 4381 per
1074 4298 1276 4366 istum
1307 4296 1692 4381 Gigantem‚
1724 4299 1872 4366 sive
1903 4298 2247 4382 sigillatim
2276 4317 2400 4383 per
2427 4296 2704 4382 Typho-
