3084 4959
987 356 1533 408 cons'rswrmo
1581 356 1757 408 Aue.
1832 342 2106 406 vn.ll.
2475 342 2648 411 1359

443 509 756 592 penetret
802 501 1124 580 audacia,
1185 505 1294 568 cni
1352 503 1590 588 aliqua
1640 502 1933 567 conandi
1987 520 2154 586 spes
2210 503 2647 589 relinquatur.

442 608 571 674 Ille
598 613 705 673 est
729 606 1269 691 inexpugnabilis
1300 625 1547 681 murus,
1573 624 1775 688 quem
1806 605 2093 671 exstruit
2120 605 2302 672 fama
2330 608 2650 678 virtutis?

439 711 507 777 3.
556 711 798 776 Sciunt
822 709 1072 794 posse*
1118 709 1366 774 Franci
1411 709 1693 773 transire
1724 707 2059 787 Rhenum,
2089 718 2262 793 quo‘s
2293 711 2379 774 ad
2409 730 2647 780 necem

441 830 635 879 suam
663 812 950 878 libenter
975 811 1333 892 admittas3
1380 811 1501 876 sed
1535 831 1662 876 nee
1694 812 2043 876 victoriam
2087 818 2375 896 possunt
2413 833 2646 898 spera·

439 936 533 995 re,
578 935 704 981 neo
733 915 1048 991 ⁴veniam.
1140 914 1322 993 Quid
1371 915 1563 998 ipsos
1611 922 1908 992 maneat,
1958 934 2048 980 ex
2097 934 2327 1000 regum
2374 934 2648 984 suornm

442 1019 856 1085 cruciatibus
912 1013 1290 1092 metiuntur,
1350 1017 1643 1100 ideoque
1705 1025 1960 1083 tantum
2018 1019 2235 1099 abest,
2290 1027 2372 1086 'ut
2426 1022 2646 1088 amnis

438 1123 624 1187 illius
673 1121 1022 1186 transitum
1067 1120 1440 1198 moliantur,
1472 1121 1685 1202 magis
1728 1128 1809 1185 ut
1854 1127 2086 1205 coepto
2115 1127 2317 1206 ponte
2338 1130 2364 1159 ⁰
2408 1122 2646 1208 despe-

440 1229 609 1290 rent.
697 1226 765 1287 4.
811 1223 951 1289 Ubi
1005 1242 1176 1288 nune
1232 1229 1339 1289 est
1396 1224 1520 1288 illa
1569 1224 1827 1289 ferocia
1855 1225 1887 1288 ’ἱ
1953 1225 2068 1289 ubi
2118 1244 2390 1310 semper
2436 1225 2647 1291 infida

438 1326 840 1394 mobilitas?
928 1326 976 1391 J
982 1346 1090 1391 am
1144 1346 1232 1392 ne
1290 1326 1526 1410 procul
1586 1327 1856 1411 quidem
1917 1327 1986 1392 in
2044 1325 2350 1393 Rhenum
2406 1329 2645 1396 oculos

439 1431 709 1496 audetis
758 1429 1083 1508 attollere,
1129 1437 1202 1494 et
1248 1431 1363 1495 vix
1417 1430 1640 1492 securi
1690 1428 1964 1494 fiumina
2004 1428 2318 1495 interiora
2360 1433 2645 1516 potatis.

438 1533 504 1599 5.
552 1534 807 1599 Contra
850 1533 1001 1598 hinc
1044 1551 1166 1617 per
1200 1531 1549 1598 intervalla
1576 1533 1915 1618 disposita
1954 1534 2170 1616 magis
2211 1541 2446 1600 ornant
2472 1535 2648 1603 limi-

439 1644 572 1702 tem
604 1632 944 1715 castella,‘¹
989 1655 1191 1720 quam
1224 1641 1602 1720 protegunt.
1689 1635 1861 1701 Arat
1904 1636 2091 1702 illam
2128 1637 2480 1703 terribilem
2520 1640 2642 1707 ali·

438 1740 706 1824 quando
733 1739 950 1824 ripam
982 1740 1253 1807 inermis
1282 1739 1605 1823 agricola,
1625 1745 1693 1806 et
1714 1746 1859 1806 toto
1881 1741 2094 1806 nostri
2119 1760 2353 1825 greges
2371 1741 2644 1808 flumine

1363 1922 1730 1944 “eommo-

437 2047 623 2111 reliqua
644 2047 780 2111 conj.
804 2047 963 2099 Grut.
1016 2048 1159 2108 sama
1178 2047 1353 2098 virtuti
1377 2047 1569 2099 cellar.
1591 2049 1826 2099 Patarol.
1846 2056 1904 2098 et
1925 2047 2081 2099 codd.
2104 2055 2161 2100 et
2182 2047 2301 2099 edd.
2325 2057 2449 2100 ante
2473 2051 2642 2102 Bsuu.

423 2115 568 2174 sama
587 2113 786 2163 virtutis
807 2114 947 2177 conj.
971 2113 1140 2163 Livin.
1164 2124 1219 2163 et
1241 2113 1461 2165 Acmen.
1488 2124 1805 2178 receperunt
1836 2115 2005 2166 Bsun.
2041 2125 2098 2165 et
2139 2115 2437 2179 δωρεὴ-3
2462 2116 2641 2169 Sciunt

429 2176 569 2243 posse
597 2193 647 2228 se
672 2180 810 2244 conj.
843 2179 1014 2228 Livin.
1046 2180 1251 2243 recepit
1287 2180 1454 2230 Baun.
1511 2181 1684 2230 Sciunt
1702 2195 1751 2245 p.
1776 2180 1838 2232 F.
1861 2181 2063 2230 transiri
2091 2181 2384 2231 Schonhov.
2437 2184 2643 2232 transiet

438 2243 524 2299 ed.
549 2243 783 2294 Rhenan.
832 2247 1043 2295 transire
1064 2247 1182 2295 Vet.
1208 2246 1430 2295 Putoan.
1453 2253 1509 2301 et
1531 2247 1746 2310 reliquae
1770 2247 1890 2296 edd.
1957 2248 1974 2274 ‘
1992 2246 2258 2299 Acidalius
2283 2261 2378 2309 pro
2397 2248 2644 2310 desperent

435 2310 571 2373 legit
592 2311 829 2370 deserant,
851 2308 1007 2375 idque
1033 2321 1213 2375 patere
1249 2309 1471 2360 affirmat
1495 2326 1560 2360 ex
1585 2311 1940 2375 sequentibus.
2003 2313 2105 2362 Sed
2129 2312 2226 2362 boe
2250 2313 2393 2361 nihili
2414 2321 2516 2368 est,
2542 2326 2641 2362 nee

439 2375 578 2425 tollit
614 2374 994 2427 difficultatem.
1030 2428 1034 2431 ,
1074 2376 1308 2426 Bsunius
1347 2378 1457 2426 haee
1496 2377 1678 2438 verba,
1710 2383 1948 2440 comperta
1985 2382 2234 2440 potestate,
2263 2380 2336 2429 its
2375 2379 2604 2441 explieat
2625 2391 2639 2426 ε

439 2442 521 2491 Ex
557 2456 658 2505 quo
703 2443 1091 2498 intellexerunt,
1136 2441 1260 2507 quid
1302 2443 1486 2503 possis.
1570 2442 1671 2492 Sed
1710 2445 1869 2493 multo
1909 2444 2092 2492 melior
2131 2444 2338 2493 videtur
2380 2445 2641 2506 expositio

439 2506 678 2556 Livineii.
744 2505 808 2555 In
846 2507 951 2558 Ms.
985 2508 1158 2556 Moeri.
1198 2509 1404 2570 iegitur,
1439 2513 1673 2570 cotempta
1705 2515 1831 2572 pote,
1869 2509 2008 2557 unde
2049 2524 2149 2560 non
2179 2508 2337 2560 facile
2371 2512 2481 2558 sani
2515 2509 2639 2572 quid

436 2578 612 2637 potest
633 2573 900 2621 extricari.
956 2573 1297 2623 Gud.coiimta
1316 2579 1442 2633 pote.
1474 2573 1764 2624 Schonhov.
1789 2579 1954 2629 notat,
1985 2581 2134 2638 coepto
2165 2581 2342 2636 ponte3
2376 2575 2452 2624 uti
2479 2572 2639 2623 Pute-

437 2652 562 2686 anus
588 2646 792 2702 quoqne
819 2639 915 2700 legi
932 2638 1104 2702 jubet,
1121 2649 1175 2689 et
1200 2639 1251 2686 in
1275 2639 1450 2688 Pulm.
1475 2640 1725 2702 scriptum
1751 2655 1805 2688 se
1831 2641 2086 2688 invenisse
2104 2646 2346 2689 testatur.
2413 2641 2542 2690 Cum
2558 2640 2639 2689 bis

437 2704 593 2752 etiam
630 2701 760 2753 facit
796 2700 1069 2790 Cfllarius,
1105 2704 1385 2782 ieetionem
1423 2704 1556 2753 bene
1593 2706 1955 2767 simpliciorem
2001 2714 2117 2761 esse
2152 2706 2345 2754 ceteris
2374 2703 2638 2782 judieaus,

384 2851 390 2855 -
433 2770 1446 2897 maus?⁰3;·..·.}.‘5;÷'522..V32{.ff1‚⁰;31
1471 2769 2644 2893 §⁸2:321‡.2³.¹3.‘2¹:?¹:;..¹,·¹12.33⁸¹2¹:·.12‘.¹{332¹3:

403 2915 410 2920 ·
434 2899 489 2947 in
508 2898 728 2948 Rhenum
750 2901 936 2949 audetis
954 2902 1173 2950 attollere
1195 2901 1313 2948 edd.
1337 2907 1457 2950 ante
1476 2900 1633 2952 Grut.
1665 2903 1872 2951 accolere
1884 2903 2015 2965 conj.
2039 2901 2332 2950 Scbouhov.
2355 2910 2410 2949 et
2435 2899 2639 2950 Acidal-

436 2973 493 3014 et
517 2965 591 3013 sie
615 2966 807 3027 legitur
824 2967 877 3013 in
899 2967 1027 3014 Exe.
1046 2966 1205 3025 Lang.
1221 2965 1377 3015 Grut.
1402 2974 1454 3014 et
1474 2973 1699 3016 recentt.
1735 2968 1867 3016 Vide
1891 2967 2206 3016 Nott.Vsrr.
2238 2974 2291 3015 ue
2314 2965 2642 3030 viaeGuelph.

432 3030 669 3079 interiora
689 3030 857 3093 petitis
889 3031 1122 3079 Riienan.
1150 3032 1322 3080 Riviu.
1354 3030 1537 3092 Steph.
1571 3040 1626 3081 et
1664 3031 1784 3082 edd.
1819 3041 1952 3081 vett.
1997 3033 2034 3081 ι’.
2069 3033 2248 3094 potatis
2268 3032 2392 3080 Ver.
2415 3032 2640 3081 Puteum

434 3095 562 3144 Vet-
588 3096 751 3144 Livin.
774 3092 979 3145 Berlin.
1001 3097 1129 3145 Exe.
1147 3097 1308 3156 Lang.
1328 3095 1550 3159 Guelph.
1575 3098 1706 3146 Exc.
1728 3096 2015 3147 Schouhev.
2038 3096 2213 3146 Moeri.
2238 3097 2450 3161 cuspin.
2483 3096 2641 3147 Grut.

434 3168 490 3209 et
513 3160 636 3210 edd.
662 3168 983 3210 meeum—5
1008 3160 1144 3210 Edd.
1177 3169 1306 3211 vett.
1329 3169 1384 3211 et
1422 3162 1595 3211 Rivin.
1623 3167 1724 3211 toto
1745 3163 1917 3218 nostri,
1946 3162 2136 3210 omissa
2168 3163 2535 3226 conjunctione
2557 3170 2603 3212 et
2618 3180 2640 3222 ,-

434 3227 712 3275 Rhenanus
747 3227 893 3276 malit
918 3232 1020 3286 tot:
1054 3227 1185 3276 Exc.
1211 3229 1370 3292 Lang.
1391 3232 1530 3285 tuto,·
1560 3227 1790 3290 Gueiph.
1814 3228 1940 3277 Ver.
1978 3227 2198 3277 Puteau.
2237 3238 2290 3277 et
2314 3230 2438 3278 Vet.
2465 3229 2635 3280 Livia.

434 3297 484 3342 et
505 3297 639 3350 toto,·
674 3300 729 3344 et
752 3295 826 3344 sic
850 3292 1008 3343 Grut.
1025 3301 1078 3342 et
1104 3301 1328 3344 recentt.
1348 3291 1558 3358 flumine
1574 3293 1618 3345 b.
1640 3297 1891 3345 versantur
1913 3293 2082 3343 Lirin.
2105 3303 2161 3345 et
2179 3293 2243 3343 Ρ.
2262 3295 2443 3361 steph.
2462 3304 2641 3358 greges¹

1405 3448 1632 3502 NOTAE

497 3569 524 3597 ⁸
555 3561 708 3611 Fama
746 3562 969 3627 virtutis]
1006 3563 1093 3613 Ita
1127 3563 1337 3615 restitui
1376 3569 1494 3629 post
1575 3564 1761 3616 brariis
1803 3578 1900 3627 pro
1932 3569 2188 3633 potestate.
2253 3562 2363 3612 Pro
2391 3578 2492 3628 qus
2514 3578 2637 3614 con·

435 3636 726 3688 Acidaiium
754 3639 993 3701 prosama
1014 3640 1203 3690 υἰνίιιέἰ.
1565 3642 1777 3705 jectura
1794 3639 1968 3690 faeere
1995 3641 2200 3695 videtur
2222 3638 2348 3687 illud
2370 3653 2487 3701 cap.
2505 3652 2639 3689 xur-

498 3715 523 3749 ὓ
555 3715 730 3765 Sciunt
744 3714 905 3778 posse]
938 3714 1131 3766 Addidi
1162 3732 1211 3766 ss
1232 3731 1300 3766 ex
1327 3717 1493 3781 suspi·
1575 3718 1592 3745 ‘
1613 3717 1839 3781 Insuper
1861 3716 2017 3766 etiam
2056 3714 2429 3776 Agrippinensi
2472 3726 2635 3779 ponte

432 3791 584 3843 eioue
608 3790 846 3841 Livineii.
880 3789 964 3840 Ita
986 3793 1123 3842 enim
1147 3793 1357 3843 videtur
1376 3804 1498 3844 sen*
1575 3793 1822 3843 faciundo
1859 3792 2081 3857 reliquiis
2112 3789 2321 3840 afflictae
2354 3794 2525 3854 gentis
2556 3794 2636 3843 in-

432 3885 518 3921 ens
538 3870 826 3934 requirere.
1577 3873 1735 3931 suites
1756 3898 1772 3920 .
1791 3904 1805 3919 .
1823 3903 1838 3918 .
1863 3884 1929 3919 ex
1946 3882 2053 3934 quo
2085 3882 2235 3917 nemo
2257 3867 2635 3934 dubitat..quid

495 3955 519 3983 θ
553 3949 717 4012 Coepto
756 3951 899 4011 ponte
942 3947 1202 4011 [comperta
1235 3947 1496 4012 potestate]
1577 3948 1818 4013 perfecto
1853 3956 2014 4012 ponte
2048 3944 2236 3995 facturi
2261 3946 2385 4008 siut,
2407 3949 2494 4011 qui
2519 3948 2634 4012 jam

432 4024 496 4075 ld
519 4033 621 4082 est,
638 4039 701 4073 ex
726 4037 829 4089 quo
851 4024 1221 4074 intellexerunt
1238 4022 1359 4088 quid
1378 4038 1492 4086 pos·
1562 4026 1815 4087 ¹seruiunt>
1829 4021 2106 4072 inchoato)

432 4101 520 4152 sis.
563 4102 824 4153 Gruterus
846 4101 1045 4151 mavult
1068 4100 1190 4164 legi,
1209 4106 1356 4163 coepto
1374 4115 1492 4165 pou-
1638 4101 1665 4139 d
1700 4100 1936 4165 castella]
1989 4099 2150 4148 Varis
2191 4105 2340 4149 erant
2382 4099 2635 4165 dispositu

432 4185 516 4239 te,-
547 4176 671 4245 quia
705 4178 845 4229 enim
881 4179 931 4227 in
967 4178 1075 4227 Ms.
1108 4186 1224 4227 erat
1252 4182 1364 4242 pote
1397 4193 1493 4241 pro
1577 4177 1641 4229 ad
1666 4178 1831 4227 Rheni
1857 4178 2022 4240 ripam
2044 4176 2483 4240 castella,quibns
2497 4179 2635 4228 Ger-

428 4262 587 4322 poute,
608 4261 886 4322 acceptum
908 4255 1035 4307 iliud
1069 4255 1137 4306 ab
1159 4255 1415 4321 imperitis
1436 4255 1491 4306 ti-
1575 4271 1843 4308 meum-um
1861 4253 2177 4313 incursiones
2190 4253 2612 4320 prohiberentur.
