3084 4959
612 339 789 409 1508

611 506 780 577 runt,
814 520 969 567 cum
1007 505 1278 585 propter
1308 496 1636 563 ,eximiam
1663 496 1892 561 formae
1927 494 2319 578 dignitatem
2349 496 2707 562 multarum
2736 495 2809 567 iu

611 628 687 673 se
715 605 1136 671 foeminarum
1167 620 1423 667 amores
1456 602 1809 677 excitaret,
1837 598 2081 665 faciem
2111 619 2302 664 suam
2319 599 2421 664 .ad
2452 599 2811 666 obliteran-

610 711 771 775 dam
811 705 1380 792 pulchritudinem
1413 703 1797 769 vulneribus
1826 703 2198 768 sauciasse.
2283 700 2423 767 Sed
2450 701 2651 767 facile
2678 703 2810 775 fuit

600 813 864 897 juveni,
913 807 1224 893 dignitati
1277 805 1580 891 corporis
1631 804 1944 871 decorem
1996 804 2200 869 animi
2248 804 2687 887 praeponenti,
2739 809 2808 869 et
2895 870 2899 875 ,

610 915 969 982 candorem
1014 911 1421 987 decolorare,
1451 917 1521 974 et
1564 909 1704 974 oris
1745 910 2048 987 nitorem,
2079 906 2217 971 alte
2255 907 2601 991 impressis
2630 907 2808 972 cica-

607 1019 907 1096 tricibuS,
936 1012 1424 1082 devenustare}
1507 1013 1574 1078 4.
1614 1012 1809 1078 Num
1855 1010 2109 1095 aliquid
2147 1009 2531 1095 hujusmodi
2569 1008 2807 1075 adver-

611 1141 732 1186 sus
773 1138 1064 1186 amorem
1094 1117 1343 1183 civium
1372 1116 1598 1182 facere
1628 1116 1862 1181 debuit
1890 1114 2202 1182 Julianus
2220 1113 2251 1177 Ἰ
2338 1112 2447 1178 Ac
2474 1133 2557 1177 ne
2585 1114 2808 1196 potuit

609 1223 920 1308 quidem3
960 1222 1099 1285 nisi
1126 1220 1299 1285 forte
1321 1221 1812 1297 existimamuS,
1836 1219 2169 1302 patientes
2190 1216 2537 1283 vulnerum
2561 1215 2808 1285 formas

607 1345 760 1390 esse
807 1327 1144 1389 virtutum.
1234 1322 1510 1388 Scilicet
1550 1326 1621 1387 et
1662 1321 2019 1387 candorem
2049 1321 2403 1405 ,aequitatis
2441 1321 2665 1403 potuit
2692 1321 2808 1384 ob-

609 1431 937 1507 umbrare,
977 1433 1045 1491 et
1082 1446 1126 1491 a
1169 1425 1607 1508 temperantia
1650 1442 2005 1510 purpuram
2045 1424 2266 1489 sancti
2304 1422 2608 1488 ruboris*
2646 1422 2808 1488 abo·-

606 1531 765 1609 lere‚
797 1529 1011 1594 vicem
1038 1526 1453 1593 fortitudinis
1472 1535 1502 1565 ¹¹
1529 1527 1820 1609 indignis
1849 1527 2205 1593 confodere
2234 1526 2640 1602 vulneribus,
2663 1545 2806 1590 ,erue

605 1653 718 1699 ere
758 1632 999 1698 oculos
1039 1629 1517 1715 providentiae!
1608 1631 1675 1695 5.
1719 1630 1924 1710 Dein,
1954 1631 2087 1695 nisi
2115 1630 2236 1695 ille
2268 1629 2660 1694 adolescens
2704 1648 2806 1694 se-

606 1756 831 1802 veram
862 1752 1132 1798 manum
1172 1731 1469 1816 propriis
1501 1732 1801 1798 vultibus
1832 1733 2177 1808 intulisset,
2211 1732 2357 1798 dies
2386 1738 2454 1797 et
2483 1750 2698 1808 mora,
2715 1750 2804 1796 ‹ac

605 1857 741 1902 non
777 1837 1022 1918 longav
1065 1836 1291 1900 aetatis
1326 1836 1677 1899 successio
1717 1853 1978 1898 omnem
2016 1835 2206 1900 illum
2242 1834 2467 1901 florem
2506 1836 2801 1918 corporis

606 1940 1024 2025 peremisset.
1096 1935 1194 2003 At
1213 1938 1283 2002 in
1302 1937 1716 2004 virtutibus*
1746 1937 2090 2021 Principis
2121 1939 2334 2003 nostri
2357 1945 2607 2022 quanto
2639 1942 2813 2011 aetas

605 2041 962 2127 prolixior,
986 2048 1175 2107 tanto
1206 2040 1634 2124 pulchritudo
1665 2042 2105 2126 praestantior.

696 2145 880 2210 CAP.
909 2160 1014 2208 v1.
1100 2144 1165 2215 l.
1213 2143 1423 2208 Mitto
1453 2153 1766 2211 cunctam
1821 2144 2193 2209 barbariam
2237 2143 2566 2209 adversus
2596 2141 2806 2207 vindi:-

609 2267 756 2313 cem
786 2247 1119 2313 Romanae
1152 2247 1478 2311 libertatis
1497 2254 1525 2281 ⁸
1552 2246 1620 2310 in
1640 2267 1825 2312 arma
1854 2254 2279 2325 commotam,
2310 2255 2683 2329 gentesque
2707 2264 2805 2308 res·

609 2370 770 2416 cens
800 2348 1074 2427 victas?
1103 2355 1173 2414 et
1201 2349 1526 2415 adversus
1566 2349 1810 2435 jugum
1852 2369 2070 2435 nuper
2112 2348 2500 2434 impositum
2539 2348 2804 2415 cervice

1094 350 1539 402 MAMERTINI
1589 350 2048 402 GRATIARUM
2081 351 2320 400 Ao‘rlo

679 2533 703 2567 ¹²
740 2535 977 2586 Ruborem
996 2540 1141 2585 eastae
1162 2534 1469 2585 verecundie.

1541 2628 1903 2651 ‘OO‘OOOOOOOO

608 2730 757 2787 Mox,
778 2747 839 2781 ne
858 2730 1008 2781 deest
1025 2731 1077 2780 in
1100 2730 1429 2794 Guelpb.—4
1462 2731 1599 2781 Num
1620 2748 1667 2782 a.
1690 2733 1918 2781 adversus
1936 2730 2204 2792 hiduemodi
2227 2729 2440 2793 cuspin.
2465 2729 2704 2779 Rhenan.
2734 2729 2802 2781 H.

606 2796 793 2859 Stepb.
813 2797 981 2845 Livin.
1004 2797 1174 2845 Rivin.
1197 2797 1263 2845 al.
1286 2804 1415 2846 vett.
1469 2797 1603 2846 Num
1623 2813 1669 2846 u.
1690 2797 1956 2858 hujusmodi
1988 2796 2109 2845 Vet.
2147 2796 2372 2845 Putean.
2407 2794 2609 2845 Bertin.
2632 2795 2803 2845 Μαι-1.

607 2862 834 2925 Gueiph.
872 2862 1030 2912 Grut.
1063 2870 1120 2912 et
1153 2869 1374 2912 recentt.
1428 2861 1499 2910 At
1531 2877 1590 2910 ne
1620 2863 1774 2923 potuit
1808 2863 1945 2925 conj.
1986 2862 2143 2910 Livin.
2178 2869 2231 2910 et
2263 2861 2469 2911 Acidal.
2493 2866 2804 2924 receperunt

606 2927 842 2976 Patami.
863 2936 918 2976 et
939 2927 1138 2990 Jaeger.
1192 2928 1267 2976 aui
1283 2926 1469 2976 ruboris
1493 2927 1660 2975 Livin.
1709 2928 1865 2976 sancti
1886 2927 2069 2976 ruboris
2090 2927 2213 2976 Vet.
2235 2927 2405 2977 Livin.
2434 2927 2648 2988 cuspin.
2701 2941 2804 2975 ocu·

605 2993 677 3040 los
693 2994 961 3055 prudentioe
983 2994 1114 3057 conj.
1147 2993 1410 3042 Livia—6
1445 2990 1635 3041 Deinde
1657 2993 1777 3041 edd.
1802 3001 1923 3041 ante
1949 2992 2129 3041 Arntz.
2160 2993 2244 3056 qui
2276 3007 2306 3040 e
2330 2993 2450 3041 Vet.
2489 2992 2653 3040 Livin-
2680 2991 2803 3041 Exc.

609 3057 897 3106 Schonhov.
922 3059 1148 3121 Guelpb.
1170 3066 1226 3106 et
1258 3058 1471 3120 Cuspin.
1496 3060 1726 3107 restituit
1749 3056 1898 3107 Dein.
1954 3057 2087 3106 Edd.
2116 3065 2244 3107 vett.
2279 3061 2329 3106 et
2368 3072 2499 3106 mora
2529 3073 2621 3106 non
2648 3059 2805 3118 longa.

607 3121 750 3171 Vide
792 3121 944 3171 Nott.
987 3124 1139 3172 Varr.
1189 3124 1417 3172 successio
1460 3125 1667 3175 omnium
1712 3124 1947 3173 Rhenan.
1987 3131 2042 3172 et
2081 3122 2250 3172 Rivin.
2297 3122 2369 3172 At
2410 3123 2686 3185 virtutibus,
2725 3121 2806 3171 vel

610 3187 679 3234 At
701 3187 827 3235 enim
842 3188 1120 3248 virtutibus,
1145 3188 1283 3250 conj.
1310 3187 1516 3237 Acidal.

676 3250 811 3300 CAP.
844 3265 921 3301 vr.
975 3257 1003 3300 l
1042 3251 1176 3301 Edd.
1203 3261 1326 3302 ante
1352 3254 1510 3303 Grut.
1529 3258 1788 3316 gentesque
1808 3253 2112 3302 recensuitae.
2167 3252 2292 3302 Vet.
2315 3252 2483 3303 Livin.
2502 3258 2558 3303 et
2576 3250 2824 3316 Guelplu»

1596 3384 1817 3434 NOTAE

607 3477 729 3536 fuit,
746 3484 808 3529 ut
829 3479 1044 3541 margini
1065 3478 1351 3542 ascriptum
1383 3480 1590 3543 reperio
1612 3480 1668 3529 in

607 3556 893 3607 Viennensi
915 3557 1162 3615 editione.
1214 3558 1382 3610 Quam
1400 3558 1667 3609 historiam

607 3630 723 3683 fuse
748 3633 917 3683 refert
936 3634 1053 3683 Vni.
1078 3624 1222 3683 M‘a‘x.
1246 3648 1326 3684 iv.
1348 3639 1397 3683 5.
1482 3648 1487 3653 ·

673 3712 692 3743 t
723 3710 1073 3775 Devenuetare]
1105 3712 1222 3760 Vox
1243 3710 1308 3762 A.
1325 3711 1500 3762 Gellio
1524 3727 1669 3762 neur-

608 3795 735 3851 pata
757 3801 850 3848 pro
873 3802 936 3836 eo
961 3788 1096 3851 quod
1115 3793 1197 3836 est
1229 3787 1245 3814 ‘
1261 3788 1583 3851 deturpare!

673 3869 698 3894 ¹¹
741 3860 905 3911 Vicem'
941 3862 1279 3927 fortitudinis]
1348 3863 1493 3928 Lege
1549 3879 1667 3917 eum

608 3938 805 4002 Lipsio‚
835 3940 1061 3989 cervicem
1083 3939 1392 4000 fortitudinis
1407 3956 1427 3998 ,-
1460 3955 1577 3991 nam
1612 3949 1669 3992 nt

609 4016 685 4065 ait
721 4015 810 4063 ille
847 4015 1068 4077 Epistol.
1101 4016 1300 4067 Quaest.
1335 4030 1424 4070 ιιι.
1462 4021 1543 4069 24.
1578 4020 1593 4046 ‘
1615 4019 1668 4069 in

566 4117 569 4119 -
609 4090 813 4140 cervice
839 4091 914 4139 vis
936 4089 1136 4141 ferendi
1158 4099 1214 4141 et
1248 4106 1525 4143 nervorum
1547 4108 1667 4144 con·

613 4165 829 4214 ventus?
895 4166 1234 4216 Mamertinus
1270 4183 1426 4232 supra
1458 4184 1575 4234 cap.
1614 4185 1700 4239 v„

1748 3494 1930 3529 nerum
1951 3478 2139 3531 formas
2161 3495 2276 3531 esse
2298 3482 2581 3532 virtutum-⁹

1813 3566 1836 3592 v
1869 3558 1992 3608 Dies
2011 3565 2059 3609 et
2078 3572 2229 3622 mora,
2255 3577 2313 3609 ac
2341 3574 2436 3609 non
2466 3558 2631 3622 longe]
2668 3556 2808 3620 Quid

1750 3635 1795 3684 si
1849 3637 2078 3701 legamus
2131 3652 2246 3687 eum
2291 3636 2547 3700 Acidalio,
2594 3636 2720 3687 Dice
2759 3641 2808 3686 et

1749 3727 1882 3763 mora
1901 3730 1992 3763 non
2014 3716 2175 3775 longa,
2194 3715 2357 3764 ‹etati-r
2373 3714 2674 3764 sucessione.

1815 3797 1848 3824 '¹
1879 3790 1952 3840 At
1972 3791 2024 3840 in
2040 3789 2320 3855 virtutibm]
2354 3790 2428 3841 At
2439 3792 2565 3841 enim
2581 3792 2635 3840 in
2649 3789 2805 3839 virtu-

1749 3867 1878 3916 tibus
1901 3866 2105 3916 Acidal.

1814 3950 1837 3977 ⁸
1876 3944 2119 3994 Vindicem
2139 3944 2282 3994 Rom.
2300 3944 2408 4008 lib.]
2438 3945 2728 3997 Julianum0

1812 4018 1836 4052 b
1873 4019 2056 4069 Recens
2091 4020 2268 4085 υἰσὶω]
2319 4019 2368 4070 A
2409 4021 2716 4071 Constantio
2750 4024 2806 4069 et

1750 4096 2094 4147 Constantino
2136 4111 2323 4161 magno
2351 4098 2472 4161 ejus
2501 4097 2609 4148 filio
2643 4097 2805 4149 domi-

1751 4182 1854 4231 tae,
1890 4181 1944 4222 et
1989 4189 2037 4229 a,
2068 4174 2383 4227 Francorum
2432 4174 2804 4231 incursionibus

605 4240 623 4271 ⁴
639 4241 738 4293 nisi
755 4241 891 4293 forte
909 4245 1260 4297 existimamus
1279 4248 1542 4310 patientes
1562 4249 1667 4298 vul·
1746 4250 2014 4301 liberatas.
