3084 4959
798 356 911 406 an.
962 352 1287 403 vunnu
1341 349 1862 402 consa-Aurini
1912 352 2186 410 Melam.
2416 335 2590 404 1811
2637 325 2644 332 ’

384 502 591 570 Italia
639 500 1089 587 inprimisque
1139 500 1212 566 in
1261 500 1423 565 urbe
1477 498 2012 585 persecutionem
2059 498 2127 564 in
2172 495 2588 566 Christianos

382 605 742 685 instaurat,
778 603 1258 679 Constantinus
1309 601 1677 667 secundum
1722 601 1959 667 consul
2004 600 2269 667 Licinio
2294 600 2471 684 Aug.
2500 618 2590 668 11.

386 728 529 774 eos.
560 709 852 792 collega,
883 708 1152 792 pacatis
1195 705 1432 772 Gallia
1471 714 1543 770 et
1588 705 1821 783 Italia,
1853 706 2220 789 relictaque
2250 703 2336 769 ad
2366 702 2590 771 Rheni

383 811 777 895 praesidium
809 811 970 895 plus
999 807 1223 875 media
1252 809 1591 873 exercitus
1633 814 1843 892 parte,
1872 808 2105 872 urbem
2136 827 2181 872 a
2209 807 2593 875 saevissima

386 912 724 980 Maxentii
781 912 1133 999 tyrannide
1184 912 1588 987 liberaturus
1641 908 1861 995 Alpes
1918 911 2415 993 transgreditur.
2506 912 2591 976 In
2723 967 2734 978 .

382 1016 648 1095 itinere,
682 1024 700 1053 ‘
731 1037 886 1082 cum
922 1013 1117 1101 jam,’
1149 1014 1366 1099 inquit
1410 1013 1749 1079 Eusebius
1796 1013 1880 1079 de
1921 1010 2069 1079 Vit-
2121 1012 2355 1080 Const.
2393 1014 2512 1079 lib.
2542 1030 2590 1076 1.

383 1124 405 1156 ‘
431 1119 539 1185 sol
577 1118 668 1184 ad
696 1118 983 1185 medium
1018 1119 1263 1185 coelum
1307 1117 1749 1196 ascendisset,
1792 1116 1905 1182 die
1946 1116 2018 1182 in
2057 1115 2588 1201 pomeridianum
2677 1171 2692 1184 ,

384 1223 766 1302 inclinante,
818 1221 1300 1288 Constantinus
1347 1220 1522 1287 dixit
1574 1239 1650 1285 se
1701 1220 1922 1286 crucis
1973 1220 2237 1304 signum
2276 1238 2365 1285 ex
2411 1220 2592 1286 lucis

384 1326 762 1411 splendore,
812 1328 884 1391 in
941 1326 1098 1410 ipso
1155 1325 1337 1392 coelo
1385 1324 1519 1390 soli
1565 1324 1917 1389 imminens
1967 1324 2326 1389 manifesto
2369 1322 2590 1390 oculis

382 1429 761 1513 aspexisse,
791 1428 863 1492 in
893 1447 1115 1513 eoque
1145 1428 1652 1512 inscriptionem
1681 1425 1917 1492 horum
1944 1427 2297 1492 verborum
2322 1426 2588 1509 consig-

379 1538 642 1598 natam:
691 1532 744 1594 ἐν
771 1529 952 1617 τούτῳ
976 1528 1155 1607 νίκα,’
1201 1529 1312 1596 vel
1346 1530 1593 1595 Latine
1631 1535 1707 1595 ut
1748 1528 2031 1596 affirmat
2070 1529 2590 1614 Philosto'rgius,

385 1652 466 1700 ln
503 1652 649 1700 noc
682 1649 962 1701 vmcs:
1005 1633 1204 1720 cujus
1231 1633 1394 1699 facti
1433 1630 1633 1697 fidem
1664 1632 1938 1700 dubiam
1971 1620 2114 1698 f'ore
2141 1634 2239 1700 ait
2265 1633 2443 1698 idem
2471 1634 2589 1718 qui

380 1740 510 1824 hoc
540 1738 740 1803 refert
777 1737 1138 1822 Eusebius,
1171 1736 1302 1802 nisi
1331 1735 1400 1802 id
1432 1735 1566 1801 sibi
1596 1755 1639 1801 a
1668 1734 2125 1802 Constantino
2166 1737 2240 1801 in
2273 1736 2591 1802 familiari

382 1840 724 1926 colloquio
775 1848 962 1906 esset
1009 1860 1161 1906 cum
1196 1838 1634 1925 jurejurando
1674 1840 2164 1920 confirmatum,
2198 1845 2219 1876 ‘
2247 1839 2589 1927 hujusque

380 1941 714 2028 prodigii,'
758 1943 1028 2027 utipse
1076 1942 1197 2022 ait,
1239 1947 1260 1978 ‘
1292 1946 1638 2026 spectator
1685 1941 1928 2008 fuisset
1980 1949 2166 2009 totus
2210 1942 2591 2009 exercitus?

384 2045 590 2124 Quod
644 2047 920 2131 quidem
970 2044 1316 2112 Artemius
1366 2053 1626 2130 martyr
1672 2046 1774 2111 vir
1814 2046 2069 2112 nobilis
2097 2048 2210 2132 qui
2240 2053 2382 2112 tum
2411 2048 2480 2111 in
2507 2057 2590 2113 e'o

381 2149 559 2214 bello
592 2150 953 2226 militabat,
982 2168 1207 2216 coram
1238 2148 1516 2215 Juliano
1548 2147 1728 2232 Aug.
1759 2147 1894 2214 sibi
1933 2157 2209 2216 mortem
2236 2151 2590 2218 minitante

384 2257 823 2330 contestatus,
868 2253 1339 2333 Constantine,
1391 2252 1640 2337 inquit,
1671 2258 1692 2289 ‘
1721 2260 1954 2320 contra
1992 2255 2414 2321 Maxentium
2449 2257 2591 2322 bel-

379 2355 512 2420 lum
548 2349 1008 2422 difficillimum
1051 2357 1308 2422 ineunti
1353 2358 1613 2442 signum
1659 2359 1879 2423 crucis
1924 2359 2265 2443 apparuit,
2294 2359 2361 2424 in
2408 2360 2588 2426 coelo

376 2457 606 2523 media
657 2458 767 2522 die
819 2477 1022 2544 super
1073 2459 1291 2524 solem
1336 2461 1551 2525 radiis
1604 2460 2251 2539 coruscans,·literis
2301 2461 2604 2529 sidereis¹

375 2559 727 2625 victoriam
759 2561 1267 2644 praenuntians:
1316 2582 1445 2628 nos
1494 2562 1696 2641 enim,
1752 2565 1872 2648 qui
1903 2565 2088 2630 bello
2139 2565 2585 2647 interfuimus,

381 2662 636 2745 signum
699 2664 1011 2742 vidimus,
1068 2664 1432 2750 literasque
1490 2666 1802 2750 legimuS,
1861 2671 2182 2752 totusque
2233 2671 2590 2753 conspexit

383 2768 751 2841 exercituS,
802 2768 1124 2852 multique
1174 2766 1376 2834 hodie
1425 2774 1637 2834 testes
1686 2775 1915 2834 extant
1965 2770 2032 2834 in
2080 2772 2388 2837 exercitu
2428 2774 2594 2838 tuo?

382 2866 540 2946 Quo
590 2870 925 2953 pertinent
974 2868 1156 2934 haud
1203 2868 1405 2935 dubie
1461 2890 1618 2955 quae
1677 2871 1762 2936 de
1812 2872 2141 2956 prodigiis
2194 2874 2590 2940 coelestibus

383 2968 827 3037 Constantino
859 2973 1025 3038 visis
1055 2973 1302 3039 habent
1332 2993 1469 3038 non
1500 2994 1638 3039 uno
1669 2976 1739 3039 in
1781 2976 1939 3041 loco
1989 2973 2410 3040 Constantini
2449 2975 2587 3042 Pa-

383 3075 699 3157 negyrici.
742 3075 831 3168 ld
862 3094 1024 3141 vero
1059 3074 1484 3161 Nicephorus
1516 3077 1854 3142 contendit
1881 3078 1950 3141 in
1977 3076 2176 3143 Italia
2201 3079 2592 3162 contigisse,

382 3175 763 3246 Bucherius
818 3179 885 3244 in
939 3199 1068 3244 suo
1131 3178 1372 3263 Belgio
1425 3178 1744 3245 Romano
1807 3179 2190 3264 Nivomagi.
2277 3181 2591 3265 AEgidius

380 3277 702 3345 Gelenius
750 3282 817 3348 in
862 3283 1035 3348 libro
1084 3282 1168 3352 de
1225 3280 1687 3367 Magnitudine
1732 3280 2149 3361 Coloniensi,
2181 3282 2250 3348 in
2282 3284 2589 3366 Zinzich,

380 3382 467 3447 ad
500 3383 726 3449 Rheni
774 3394 844 3451 et
882 3384 1044 3453 Arae
1092 3388 1500 3454 confluxum.
1585 3385 1792 3453 Joan.
1822 3385 2133 3452 Morinus
2173 3384 2241 3451 in
2286 3386 2594 3455 Historia

380 3484 657 3551 Gallica
684 3487 1049 3556 vindicatae
1079 3492 1148 3557 in
1181 3492 1554 3560 libertatem
1597 3512 1641 3557 a
1684 3491 2137 3557 Constantino
2186 3489 2594 3559 Christianae

328 3635 347 3644 ,
380 3588 722 3670 ecclesiae,
752 3591 924 3657 inter
952 3592 1511 3677 Augustodunum
1553 3601 1621 3663 et
1662 3594 2039 3660 Ladonam.
2130 3592 2376 3658 Contra
2416 3612 2593 3678 quos

380 3710 614 3756 omnes
646 3698 872 3758 noster
901 3695 1150 3761 Petrus
1183 3696 1423 3764 Franc.
1445 3693 1827 3763 chiffletius
1849 3698 1918 3761 in
1944 3714 2072 3761 sua
2092 3694 2589 3784 Dissertatione

382 3793 466 3858 de
498 3794 675 3872 loco,
707 3803 1030 3881 tempore,
1073 3805 1143 3865 et
1189 3794 1438 3866 ceteris
1479 3799 1822 3885 adjunctis
1860 3795 2316 3864 conversionis
2352 3797 2591 3883 Magni

382 3893 815 3964 Constantini
869 3899 956 3963 ad
1003 3899 1199 3970 fidem
1249 3900 1718 3980 Christianam,
1761 3901 2007 3985 probat
2044 3900 2115 3964 id
2148 3900 2320 3965 inter
2361 3901 2590 3969 Danu-

380 4000 567 4064 bium
599 4010 670 4066 et
700 4001 1004 4067 Rhenum
1038 4004 1401 4090 contigisse
1428 4003 1604 4069 haud
1629 4003 1865 4089 procul
1890 4003 2226 4081 Brisacio,
2259 4025 2375 4089 per
2404 4008 2590 4090 quod

383 4103 496 4168 ille
530 4103 769 4170 Rheno
814 4106 1101 4190 trajecto
1151 4127 1303 4173 cum
1348 4106 1615 4173 Helena
1659 4114 1870 4175 matre
1909 4113 1978 4171 et
2008 4105 2249 4191 Crispo
2280 4109 2420 4174 filio
2450 4110 2586 4177 Ve-

383 4207 748 4273 sontionem
782 4210 975 4278 abiit.
1000 4235 1007 4246 ·
1063 4210 1164 4277 Ut
1206 4217 1287 4277 ut
1313 4216 1433 4291 est,
1462 4210 1985 4279 Constantinum
2012 4209 2144 4276 hoc
2174 4212 2445 4278 coelesti
2474 4233 2584 4279 os-
