3084 4959
514 368 688 436 1348
1152 383 1488 435 nummu
1527 349 2090 434 ‘PANEcrmcth

513 534 892 616 Imperator
919 530 989 594 in
1019 530 1235 609 terris,
1269 538 1339 595 et
1370 529 1437 593 in
1468 530 1649 594 coelo
1681 528 1895 605 DeuS,
1941 529 2010 593 in
2044 526 2264 613 primo
2308 526 2532 593 aetatis
2561 533 2716 596 ‘suae

507 636 673 701 flore
718 633 1077 716 generavit,
1121 636 1269 696 toto
1327 632 1547 697 adhuc
1592 650 1872 716 corpore
1917 632 2177 715 vigona,
2222 629 2342 696 illa
2381 632 2714 715 praeditus

522 738 891 813 alacritate,
952 754 1034 800 ac
1084 734 1490 811 fortitudine,
1539 753 1742 819 qnam
1789 734 1965 799 bella
2014 733 2323 817 plurima,
2363 736 2709 818 praecipne

514 841 750 928 campi
799 838 1023 904 videre
1066 835 1551 902 Vindonissae.t
1647 836 1716 902 3.
1759 821 1929 901 Inde
1987 841 2113 914 est,
2162 835 2340 920 quod
2390 840 2573 901 tanta
2616 857 2707 903 ex

509 943 633 1008 illo
682 945 750 1007 in
793 946 857 1006 te
892 939 1122 1006 formae
1180 938 1541 1005 similitudo
1592 940 1927 1017 transivit,
1974 947 2051 1003 ut
2108 938 2410 1021 signante
2468 947 2708 1007 natura

511 1046 804 1111 vultibus
835 1043 972 1108 tuis
1001 1027 1330 1127 impressa
1360 1042 1685 1107 videatur.
1718 1079 1728 1088 -
1789 1043 1855 1105 4.
1900 1040 2089 1106 ldem
2121 1041 2299 1105 enim
2332 1046 2462 1118 est,
2500 1059 2707 1132 quem

510 1167 736 1213 rursus
791 1148 859 1212 in
904 1155 968 1212 te
1020 1147 1336 1223 colimus,
1391 1151 1737 1228 aspectus,
1796 1143 2030 1209 eadem
2093 1144 2162 1210 in
2214 1142 2430 1209 fronte
2490 1145 2702 1225 gravi-

513 1255 640 1327 taS,
700 1248 934 1314 eadem
1003 1249 1074 1312 in
1127 1247 1340 1311 oculis
1401 1253 1468 1313 et
1526 1247 1594 1311 in
1656 1266 1770 1312 ore
1833 1246 2309 1330 tranquillitas.
2413 1245 2534 1311 Sic
2597 1253 2706 1312 est

511 1352 717 1417 index
765 1349 1120 1415 modestiae
1150 1350 1378 1425 rubor,
1410 1348 1512 1413 sic
1555 1349 1753 1414 testis
1796 1368 2013 1414 sermo
2050 1348 2361 1433 justitiae.
2448 1352 2515 1414 5.
2564 1349 2703 1416 Ac·

509 1456 686 1541 cipe,
747 1453 1146 1538 Imperator,
1198 1453 1560 1536 ancipitem
1624 1460 2003 1517 nostrorum
2055 1455 2394 1517 sensuum
2429 1453 2700 1519 confes·-

510 1560 793 1624 sionem.
899 1554 1248 1633 DolemuS,
1295 1554 1483 1640 quod
1544 1554 1988 1626 Constantius
2032 1557 2328 1621 excessit
2381 1574 2426 1620 a
2469 1555 2699 1635 nobis,

508 1661 650 1737 scd,
713 1660 873 1725 dum
935 1666 1000 1723 te
1056 1651 1412 1737 cernimuS,
1462 1659 1649 1724 illum
1719 1661 2093 1725 excessisse
2144 1679 2278 1725 non
2338 1658 2698 1726 credimus-

505 1765 569 1830 6.
617 1762 1027 1847 Quanquam
1057 1761 1221 1846 quid
1245 1782 1369 1845 ego
1398 1762 1589 1827 illum
1609 1764 1984 1829 excessisse
2004 1763 2180 1840 dico,
2211 1760 2407 1846 cujus
2429 1761 2697 1828 immor·

478 1859 483 1864 ’
507 1867 674 1932 talia
705 1866 884 1930 facta
911 1865 1163 1942 vivunt,
1192 1865 1349 1929 etin
1376 1885 1492 1931 ore
1516 1866 1805 1936 omnium
1825 1865 2158 1930 hominum
2183 1864 2530 1950 oculisque
2552 1885 2695 1931 ver-

505 1970 778 2038 santur?

589 2073 769 2139 cst.
799 2089 870 2136 v·
943 2075 1008 2139 1.
1053 2071 1232 2151 Quis
1273 2072 1475 2148 enim,
1517 2091 1646 2136 non
1690 2071 1847 2136 dico
1881 2071 2347 2151 reminiscitur,
2386 2071 2503 2139 sed
2544 2073 2695 2157 quis

503 2197 630 2244 non
661 2176 876 2242 adhuc
907 2174 1405 2262 quodammodo
1439 2173 1638 2253 videt,
1684 2176 1953 2259 quantis
1996 2174 2111 2241 ille
2156 2177 2357 2241 rebus
2403 2177 2694 2257 auxerit,

1412 2340 1589 2361 “0000
1596 2340 1772 2362 ‘0000‘

499 2452 654 2501 adhw
696 2455 809 2500 toto.
894 2450 1030 2502 Edd.
1071 2457 1194 2502 ante
1233 2452 1390 2503 Grnt.
1430 2467 1696 2518 quanquam
1731 2451 1849 2502 bella
1864 2467 1885 2509 ;
1936 2450 2063 2500 Exc.
2101 2450 2260 2513 Lang.
2295 2450 2512 2513 Cuspio.
2558 2449 2689 2504 Exc.

501 2516 789 2566 SchonhoV.
811 2532 904 2582 qua
923 2532 1028 2567 cum
1049 2517 1198 2576 bella:
1229 2517 1585 2568 vet-Puteum
1605 2518 1832 2582 Guelph.
1849 2524 1903 2565 et
1920 2517 2049 2566 Exc.
2066 2515 2215 2566 Voss.
2234 2529 2373 2577 quam
2384 2516 2522 2565 bella.
2561 2516 2694 2567 Exm

501 2582 666 2644 Lang.
691 2590 744 2631 et
769 2582 927 2634 Grut.
958 2588 1060 2633 tum
1095 2582 1351 2646 precipue.
1416 2585 1432 2612 ‘
1452 2585 1514 2633 In
1538 2583 1641 2633 Rh.
1662 2584 1845 2646 Steph.
1873 2582 1985 2631 Liv.
2025 2582 2233 2644 legitur,
2258 2595 2533 2644 quamquam
2567 2581 2694 2632 beau

499 2648 705 2709 plurima
730 2648 964 2712 precipue
995 2648 1147 2711 campi
1176 2647 1405 2698 vindonis
1435 2650 1610 2699 idonei.
1673 2649 1838 2698 Rhen.
1876 2647 2187 2711 suspicatur,
2219 2646 2514 2709 legendum,
2548 2661 2691 2712 quam

502 2713 622 2761 bella
654 2714 719 2775 pl.
736 2727 812 2775 pr.
832 2728 876 2762 e.
907 2714 962 2764 V.
983 2713 1142 2764 idonei
1162 2716 1307 2763 testes
1331 2714 1648 2769 declararunt,
1670 2722 1762 2763 aut
1781 2712 1947 2764 simile
1968 2712 2250 2777 quidpiam.
2305 2711 2435 2760 Cod.
2456 2710 2597 2761 Gud.
2631 2718 2688 2762 et

498 2777 630 2828 Put.
664 2776 840 2837 habet,
868 2780 993 2829 satio
1015 2779 1165 2833 bene,
1189 2788 1412 2843 excepta
1433 2793 1560 2829 voce
1585 2780 1766 2829 ultima
1787 2786 2051 2838 corrupta,
2086 2792 2226 2841 quam
2260 2774 2381 2826 bella
2399 2776 2467 2840 pl.
2500 2790 2577 2839 pr.
2610 2792 2687 2828 σα.

496 2843 657 2894 videre
675 2843 864 2907 sydonii
876 2858 898 2900 ‚·
927 2860 956 2893 a
980 2858 1080 2908 quo
1101 2858 1203 2893 non
1228 2846 1381 2907 longe
1402 2846 1509 2894 ubit
1532 2845 1709 2894 Moerl.
1760 2859 1852 2907 qua
1874 2844 1991 2898 bellu
2008 2844 2232 2906 plurima,
2262 2855 2410 2904 praee.
2444 2856 2489 2891 ο.
2526 2842 2689 2892 videre

502 2909 716 2964 Sidonis,
738 2906 963 2958 Schonh.
992 2910 1044 2958 in
1069 2924 1227 2971 marg.
1261 2909 1432 2959 Rhen.
1472 2910 1764 2971 fortitudine
1786 2924 1880 2971 qua
1899 2922 2004 2956 cum
2023 2907 2161 2967 bella,
2182 2907 2261 2970 ᾃτ.
2282 2914 2339 2956 et
2361 2907 2413 2955 in
2439 2906 2542 2955 fine
2566 2921 2688 2957 sen-

499 2975 679 3024 tentiae
705 2987 800 3036 pro
820 2974 979 3025 idonei
1000 2974 1154 3025 habet
1170 2975 1341 3036 gessit.
1375 2976 1535 3040 Cusp.
1554 2990 1647 3038 qua
1675 2987 1779 3024 cam
1800 2974 1918 3023 bella
1934 2974 2003 3036 pl.
2024 2973 2257 3037 praecipue
2274 2972 2427 3035 campi
2453 2972 2691 3023 Vindenis

493 3040 665 3101 gessit.
728 3039 817 3090 Sic
850 3041 1026 3104 etiam,
1062 3047 1198 3089 teste
1235 3040 1485 3096 Livineio,
1508 3041 1672 3105 Lang.
1711 3038 1806 3089 nisi
1833 3038 1967 3102 quod
1992 3038 2077 3087 hic
2107 3046 2225 3102 post
2264 3052 2442 3087 vocem
2479 3038 2686 3100 plurima

498 3104 684 3154 inserit
705 3111 822 3154 tum.
890 3106 996 3155 Pro
1018 3105 1171 3169 campi
1193 3105 1359 3154 Lirin.
1381 3119 1445 3155 ex
1474 3107 1777 3171 conjectura
1811 3106 1958 3169 ponit
1991 3106 2165 3167 campis
2181 3120 2202 3163 ,-
2234 3110 2289 3154 et
2310 3103 2383 3152 sic
2405 3102 2685 3155 ediderunt

496 3170 667 3219 Paris.
684 3170 806 3220 Pat.
820 3177 873 3220 et
887 3171 1078 3220 Cellar.
1104 3171 1449 3221 Confirmatnr
1462 3170 1743 3235 haec,lectio
1754 3171 1869 3219 cod.
1883 3169 2054 3219 Pulm.
2072 3169 2122 3218 in
2140 3182 2257 3232 quo,
2275 3175 2410 3218 teste
2421 3167 2687 3233 Puteano,

498 3235 777 3292 invenitur,
796 3251 889 3299 qua
907 3250 1015 3286 cum
1034 3236 1154 3286 bella
1171 3235 1374 3299 plurima
1391 3251 1467 3302 pr.
1481 3237 1659 3300 campis
1679 3236 1909 3286 Vindenis
1919 3233 2109 3297 gessit!
2127 3236 2320 3297 Jaeger.
2352 3234 2503 3296 campi
2526 3234 2686 3286 cidere

509 3300 801 3351 Vindonissa
837 3314 904 3349 ex
947 3301 1098 3350 codd.
1135 3301 1370 3352 restitnit
1409 3299 1593 3351 Arntz.
1636 3301 1774 3351 Vide
1809 3301 1962 3351 Nott.
1998 3301 2246 3350 Verre-3
2271 3299 2399 3348 Exc.
2433 3298 2586 3349 Voss.
2622 3307 2683 3350 et

501 3365 730 3428 Guelph.
748 3366 910 3424 forme
946 3366 1221 3416 similitudo.
1288 3367 1416 3416 Exc.
1448 3367 1730 3416 Schonhov.
1771 3366 1978 3416 Puteol.
2012 3366 2260 3414 Rhenum
2284 3363 2355 3412 H.
2397 3363 2579 3428 Steph.
2624 3373 2682 3417 et

498 3430 671 3480 Rivin.
702 3434 747 3478 1.
765 3430 1068 3492 signata—6
1089 3430 1283 3494 Accipe,
1317 3431 1362 3480 Ι.
1389 3431 1547 3495 accipe
1563 3437 1828 3482 nostrorum
1849 3430 1970 3480 edd.
2003 3436 2131 3480 vett.
2187 3431 2255 3480 A.
2293 3430 2340 3478 Ι.
2372 3429 2681 3491 accipientem

496 3501 768 3546 nostrorum
788 3496 991 3546 Bertin.
1015 3496 1150 3545 unde
1168 3495 1337 3545 Livin.
1351 3496 1484 3561 conj.
1515 3501 1689 3560 accipe,
1708 3497 1919 3560 inquam,
1938 3502 2235 3553 nostrorum,-
2264 3494 2437 3544 Moerl.
2458 3494 2601 3545 Gnd.
2623 3504 2681 3544 et

496 3562 626 3612 Exc.
654 3562 807 3611 Voss.
838 3562 904 3612 A.
927 3562 973 3611 I.
991 3562 1243 3624 ancipitem
1263 3566 1546 3618 nostrorum,
1617 3577 1729 3612 uam
1752 3563 2028 3612 lectionem
2052 3561 2244 3625 primus
2271 3560 2472 3622 recepit
2495 3560 2681 3609 Arntz.

489 3627 638 3676 Dolet
658 3627 780 3677 Ver.
803 3626 972 3678 Livin.
993 3627 1198 3677 Bertin.
1223 3626 1389 3676 Paris.
1411 3626 1569 3677 Grnt.
1634 3627 2016 3678 anatol-Cella.
2034 3626 2231 3691 Jaeger.
2262 3624 2488 3674 nolemus
2504 3626 2682 3676 Moerh

489 3692 716 3757 Guelph.
738 3693 869 3743 Exc.
901 3694 1052 3742 Voss.
1075 3701 1128 3742 et
1149 3691 1269 3743 edd.
1310 3697 1439 3742 vett.
1505 3692 1653 3756 Mox,
1673 3695 1756 3743 sed
1775 3694 1923 3744 deest
1942 3693 1995 3742 in
2016 3691 2248 3757 Gueiph.
2283 3698 2339 3741 et
2360 3691 2492 3742 Exe-
2521 3691 2682 3743 Von-

482 3758 499 3785 ‘
516 3758 724 3808 Puteol.
741 3760 874 3825 male
896 3758 1234 3809 Constantius:
1254 3756 1440 3809 Arntz.
2027 3769 2032 3774 ·
2555 3785 2560 3789 ·

1475 3889 1693 3940 NOTAE

546 4000 565 4024 ⁸
596 3989 819 4040 Primum
860 3989 984 4052 Imp.
1004 3987 1192 4054 filium]
1229 3988 1396 4039 Quem
1439 3988 1542 4052 pri·
1681 3989 1698 4022 ‘
1733 3984 2335 4050 Vindoniuae[Vindonis]
2367 3983 2535 4042 Infra,
2565 3986 2682 4036 Vin-

459 4083 617 4135 ⁴mum
661 4083 727 4117 ex
763 4067 968 4117 Helena
1017 4070 1268 4132 suscepit,
1306 4081 1423 4117 cnm
1462 4081 1542 4117 es·
1610 4065 1832 4116 doniam.
1896 4063 2171 4115 Vindonus
2224 4077 2316 4114 aen
2360 4063 2680 4114 Vindonissa.

475 4156 557 4195 set
592 4147 646 4197 in
679 4146 847 4210 primo
881 4145 1053 4195 aetatis
1086 4142 1232 4202 flore,
1264 4152 1543 4210 antequam
1611 4140 1737 4192 urbs
1782 4144 1834 4192 in
1880 4140 2145 4197 Helvetia,
2189 4139 2255 4190 nd
2300 4139 2675 4210 Amin-unicum

474 4223 799 4274 Theodoram
824 4223 1134 4275 Maximiani
1171 4222 1328 4273 filium
1360 4222 1539 4287 conju·
1610 4232 1820 4284 pagum.
1878 4225 2102 4283 propter
2164 4215 2380 4268 Arciam
2441 4215 2676 4281 fluvium,

474 4314 589 4364 gem
615 4299 839 4364 accepit.
1609 4310 1745 4348 nunc
1774 4295 2057 4348 Windixlt.
