3084 4959
915 361 1475 416 muneramus.
1551 364 1699 415 xn.
1728 349 1795 416 2.
2270 354 2448 422 1⁵5⁷

350 508 527 576 GAP.
574 526 658 573 Π.
723 509 808 574 1.Ι
835 507 1022 590 Quid
1057 510 1263 593 ergo?
1305 529 1608 576 novusne
1643 528 1753 577 me
1792 526 2025 596 pavor,
2065 518 2134 578 et
2170 514 2446 599 inopina

267 614 655 699 trepidatio·
703 612 773 678 iu
821 612 979 696 ipso
1032 611 1300 678 dicendi
1348 619 1648 698 tempore
1700 613 2130 698 deprehendit
2149 616 2180 680 ‘t
2272 616 2445 684 Mihi

264 735 421 781 vero
459 716 510 780 ii
549 733 802 793 omnes,
841 715 1085 798 quibus
1124 714 1567 780 altrinsecus!
1594 714 1840 799 jactor,
1883 724 2095 783 aestus
2132 717 2249 783 diu
2287 728 2442 785 ante

260 818 578 896 meditati,
604 817 930 902 longeque
973 819 1314 902 prospecti
1357 827 1537 883 sunt.
1626 817 1763 884 Sed
1804 838 1957 884 cum
1997 820 2439 888 admiratione

260 919 567 986 virtutum
613 926 868 985 tuarum
908 921 994 984 ab
1040 920 1273 988 ultimo
1310 919 1677 986 Galliarum
1713 929 2034 1002 recessu,⁸
2077 942 2211 1006 qua
2246 923 2469 1008 littus,

259 1025 496 1089 oceani
538 1022 884 1089 cadentem
927 1025 1187 1108 excipit
1228 1024 1460 1103 solem,
1491 1030 1563 1090 et
1602 1010 2061 1089 deficientibus
2101 1025 2289 1090 terris
2327 1046 2439 1093 so-

257 1125 427 1190 ciale
454 1127 771 1192 miscetur
796 1127 1213 1207 elementum,
1241 1127 1325 1192 ad
1358 1127 1813 1193 contuendum
1853 1132 1961 1192 tet
1998 1126 2436 1193 adorandum-

255 1247 390 1313 que
420 1248 902 1313 properassem,
926 1237 1005 1293 ut
1032 1230 1210 1294 bona
1238 1248 1400 1313 quae,
1421 1231 1691 1295 auribus
1709 1248 2041 1314 ceperam,
2065 1232 2264 1295 etiam
2288 1233 2438 1296 visu

253 1351 658 1416 usurparem,
692 1332 906 1411 timui,
931 1332 1165 1411 fateor,
1197 1333 1294 1417 pii
1321 1334 1578 1399 laboris
1609 1333 1900 1400 officium
1927 1336 2135 1418 impia
2158 1336 2435 1400 tacitur·
2536 1411 2540 1416 ,

251 1434 456 1500 nitate
488 1454 924 1519 corrumpere.
1012 1437 1073 1501 2.
1121 1435 1227 1500 Ita
1256 1435 1415 1501 dum
1445 1437 1769 1522 obsequio
1793 1438 2192 1520 interpretor
2216 1439 2433 1523 impu-

253 1536 593 1609 dentiam)⁸
642 1536 802 1602 dum
845 1536 915 1602 in
948 1537 1248 1603 -euudem
1299 1538 1630 1603 hominem
1683 1558 1812 1603 nou
1855 1542 2433 1623 putozconverfire

250 1640 563 1722 gaudium
603 1648 672 1706 et
715 1640 1087 1723 silentium3
1130 1640 1298 1704 duas
1345 1660 1454 1705 res
1495 1628 1991 1706 diversissiffi'a's
2025 1640 2256 1726 junxi,
2292 1663 2432 1708 me-

249 1750 389 1807 tum
415 1749 501 1807 -et
542 1743 1001 1810 temeritatem.
1092 1742 1278 1822 Quin
1318 1748 1385 1807 et
1428 1741 1592 1807 illud
1631 1762 1739 1807 me
1779 1743 2037 1826 impulit
2078 1743 2165 1808 ad
2203 1742 2431 1811 dicen-

247 1844 426 1924 dum,
480 1846 661 1931 quod
706 1854 784 1911 ut
833 1845 1149 1926 dicerem,
1195 1846 1415 1910 nullus
1464 1845 1808 1928 adigebat:
1851 1866 1979 1910 uon
2022 1842 2244 1909 enim¹¹
2283 1846 2428 1930 jam

245 1955 485 2015 coacta
521 1948 842 2028 laudatio,
869 1955 942 2014 et
981 1968 1323 2033 expressae
1368 1955 1547 2032 metu
1585 1966 1787 2014 voces
1824 1949 2186 2034 periculum
2227 1949 2426 2014 silen-

229 2049 359 2114 ‘tii··
398 2051 749 2118 redimunt.
851 2052 917 2118 3.
965 2052 1217 2131 Fuerit,
1263 2052 1637 2135 abieritque
1679 2051 1892 2141 tristis
1936 2050 2054 2115 illa
2088 2050 2427 2130 facundiae

244 2151 657 2220 ancillantisi
701 2155 1099 2234 necessitas,
1128 2175 1283 2220 cum
1322 2160 1572 2220 trucem
1612 2150 1998 2231 dominum,j
2047 2173 2246 2219 auras
2288 2174 2426 2219 om-

239 2275 361 2323 nes
400 2258 752 2341 plausuum
784 2257 1200 2342 publicorum
1230 2263 1511 2323 ventosa
1538 2257 1986 2341 popularitate
2018 2261 2423 2340 captantem,

237 2360 531 2426 mendax
557 2361 923 2426 assentatio
955 2357 1312 2439 titillabat,j
1340 2381 1493 2427 cum
1522 2360 1771 2443 gratias
1793 2359 2081 2442 agebant
2106 2356 2423 2438 dolentes,

238 2470 309 2529 et
333 2471 682 2549 tyrannum
719 2482 851 2528 non
887 2463 1301 2547 praedicasse
1340 2461 1706 2548 tyrannidis
1736 2461 2087 2527 accusatio
2129 2462 2422 2526 vocaba-

237 2572 367 2634 tur.
469 2568 534 2630 4.
587 2565 785 2632 Nunc
833 2586 957 2651 par
1005 2566 1274 2632 dicendi
1319 2565 1722 2650 tacendique
1766 2564 2065 2643 libertas,
2109 2574 2177 2630 et
2217 2583 2422 2648 quam

299 2770 323 2796 ⁸
357 2759 650 2826 Repentinus
668 2762 820 2807 metus
839 2756 1036 2806 invasit.
1476 2753 1513 2799 t
1542 2757 1753 2821 Utraque
1769 2769 1834 2805 ex
1854 2763 2012 2819 parte.

297 2834 326 2870 e
359 2827 428 2875 Et
448 2825 673 2876 extremis
692 2823 837 2872 terris
854 2821 1070 2882 cingitur
1094 2821 1329 2880 Oceanus,
1348 2820 1412 2869 ad
1433 2824 1482 2870 te
1501 2821 1772 2886 viandum,
1789 2823 1873 2886 qe.

296 2888 327 2925 ⁸
359 2889 447 2941 Sic
460 2893 570 2940 dum
588 2886 794 2965 obsequii
813 2886 1001 2937 nomine
1021 2900 1193 2936 excuso
1213 2886 1572 2951 impudentiam.

296 2954 316 2989 ¹
351 2956 490 3013 Quod
502 2959 572 3004 est
593 2954 645 3004 in
664 2951 872 3003 silentio.
1803 3000 1813 3011 ,

286 3019 313 3064 J
348 3022 469 3071 Cum
501 3017 700 3084 improbi
730 3019 1047 3067 asentatores
1083 3014 1339 3080 palpabant
1369 3014 1583 3075 seroces·
1616 3014 1942 3078 imperatores·
1983 3014 2193 3078 publicos
2223 3017 2417 3080 plausus

229 3087 369 3139 inani
385 3084 640 3136 ambitione
660 3087 985 3147 aucupantem.

1142 3174 1231 3195 m

1445 3173 1504 3194 00

294 3315 430 3367 CAP.
451 3328 515 3365 ιι.
581 3316 609 3362 1
646 3306 872 3371 Guelpb.
904 3306 1140 3372 quolitus.
1206 3306 1328 3356 ‘Pii
1348 3304 1521 3356 laboris
1539 3304 1765 3383 officium]
1801 3304 1888 3355 Sic
1912 3304 2121 3356 indubie
2140 3305 2415 3371 legendnm

226 3393 345 3430 eum
372 3379 606 3429 omnibus
638 3375 763 3426 edd.
791 3372 923 3423 sdeo
948 3382 1003 3422 ut
1026 3374 1183 3422 mirer
1204 3372 1531 3422 substituisse
1555 3371 1861 3429 Liviuenum,
1894 3371 2033 3421 timui
2049 3372 2215 3433 fateor
2243 3371 2417 3421 laboris

224 3446 427 3511 officim
443 3445 548 3508 ipsa
567 3441 894 3493 taciturnitate
913 3436 1244 3501 eorrumpere?
1278 3437 1528 3488 Garun—2
1563 3436 1766 3499 Lipsius
1789 3450 1885 3500 pro
1903 3437 2209 3499 interpretor,
2231 3436 2415 3487 scribit

222 3510 489 3566 interest-o,-
519 3507 725 3557 Acidal.
744 3503 893 3561 facit,
913 3505 1026 3553 dum
1043 3503 1308 3566 obsequium
1327 3504 1613 3566 interpretor
1631 3501 1939 3566 impudentia.
2006 3502 2267 3551 Livineius
2289 3502 2414 3552 reti-

223 3582 338 3634 net,
358 3588 474 3623 cnm
497 3572 733 3622 omnibus
768 3571 1002 3631 vetustis,
1030 3569 1248 3631 primam
1280 3568 1399 3617 lect.
1435 3568 1664 3630 illudque
1694 3569 2003 3629 interpretor,
2023 3569 2115 3626 sit,
2135 3565 2273 3616 idem
2295 3581 2414 3616 esse

224 3654 290 3689 se
323 3639 340 3668 ‘
363 3636 683 3689 excuso-24
719 3634 915 3685 Omnes
947 3632 1070 3683 edd.
1098 3632 1295 3683 habeut
1318 3632 1543 3694 gratias3
1575 3631 1741 3681 codex
1775 3628 2024 3681 Schefferi
2052 3631 2242 3693 gratia
2277 3631 2413 3681 uude

220 3706 313 3756 ille
328 3705 610 3775 grum—4
641 3702 658 3729 ⁸
681 3700 867 3751 lusere
886 3699 1132 3750 omissam
1152 3711 1351 3760 vocem,
1369 3711 1459 3761 par
1474 3696 1663 3746 dicendi
1682 3696 1972 3761 tacendique,
1996 3698 2078 3746 vel
2102 3710 2195 3760 par
2223 3698 2413 3748 tacendi

1214 3859 1428 3912 NOTAE

275 3975 313 4012 s
344 3963 426 4016 Ab
445 3962 610 4012 ultimo
643 3959 915 4010 Galliam
946 3957 1157 4022 recessu]
1191 3957 1277 4009 Ab
1356 3972 1511 4010 voces
1534 3933 1657 4023 ille,
1691 3970 1817 4024 quas
1857 3961 2024 4006 metus
2048 3955 2411 4021 exprimebat:

218 4036 521 4111 Aquitanis,
560 4036 649 4087 ubi
682 4044 882 4099 natum,
922 4042 980 4086 et
1016 4036 1139 4086 iude
1172 4036 1275 4088 Ro·
1353 4037 1454 4085 διο.

212 4137 354 4175 mem
372 4119 583 4170 missum
607 4115 859 4165 Paestum
881 4112 1123 4164 diximus.
1420 4111 1436 4146 ¹
1465 4109 1729 4162 Facundia
1745 4107 2045 4172 ancillantis]
2076 4108 2328 4160 Servilem
2348 4110 2401 4162 iu

278 4197 309 4234 ¹¹
340 4197 456 4247 Nos
492 4190 644 4255 esim]
707 4190 967 4255 Respexit
1019 4190 1087 4241 ad
1140 4189 1273 4241 illud
1351 4188 1557 4241 modum
1583 4185 1910 4237 blandientis.

210 4273 361 4331 Pliu.
391 4271 589 4336 Psueg.
620 4280 738 4334 esp.
756 4279 822 4319 n·
849 4267 1060 4322 ‘Quare
1082 4264 1273 4320 abeam
1411 4262 1434 4309 ³
1464 4266 1665 4317 rrum
1681 4261 1948 4329 mun]
1980 4253 2271 4315 Aluditsd
2293 4262 2405 4316 Ne·
