3084 4959
1033 713 1212 826 “V
1274 716 1352 830 Ι
1411 713 1524 832 Τ
1583 715 1710 834 Α

553 1021 561 1032 ‚
691 937 1333 1056 LATINI
1461 958 2126 1054 PACATI

1190 1174 1620 1228 COMPOSITA.

603 1437 606 1438 γ
736 1357 812 1432 Α
880 1357 1341 1454 JOANNE
1418 1354 2101 1438 SCHEFFERO.

1108 1601 1722 1652 w

396 1803 748 1871 LA‘rmus
779 1804 1225 1871 Dmnmns
1257 1803 1651 1892 PmATUS,
1676 1800 1793 1865 vel
1830 1809 1909 1865 ut
1951 1800 2158 1883 vulgo
2199 1820 2350 1865 eum
2387 1821 2509 1868 no-

308 1907 587 1984 minant,
631 1908 919 1972 Latinus
964 1907 1263 1972 Pacatus
1296 1903 1705 1987 DrepaniuS,
1751 1903 1993 1968 Gallus
2040 1904 2312 1969 natione
2352 1904 2512 1985 suit,

310 2010 670 2093 sicutipse
697 2011 909 2075 semel
936 2012 1310 2092 iterumque
1336 2009 1404 2071 in
1435 2007 1734 2071 oratione
1763 2026 1897 2070 sua
1918 2006 2195 2071 indicat.
2283 2005 2510 2086 Quam

310 2111 617 2176 habuerit
645 2114 952 2198 patriam,
972 2114 1334 2178 ohservare
1377 2111 1655 2175 memini
1697 2130 1785 2175 ex
1824 2110 2030 2174 unico
2061 2110 2367 2188 SidoniO,
2396 2111 2512 2194 qui

312 2233 467 2278 eum
520 2214 966 2299 Nitiobrigem
1020 2214 1350 2299 appellat,
1395 2214 1620 2298 Epist.
1649 2231 1815 2278 vm.
1848 2214 1954 2277 12.
2027 2213 2375 2295 Scaligero
2406 2218 2514 2277 est

312 2315 716 2398 Aginnate3‚
765 2319 833 2382 in
882 2318 1297 2383 Aneonianis
1336 2316 1824 2382 Lectionibus:
1903 2336 2143 2399 nempe
2200 2316 2514 2401 qnoniam

311 2418 648 2500 Aginnum
680 2429 894 2505 capnt
918 2412 1397 2503 Nitiobrigutn‚
1432 2420 1995 2503 quemadmodum
2018 2420 2278 2485 Savaro
2307 2419 2514 2484 docet

314 2520 402 2585 ad
434 2521 808 2604 Sidonium,
836 2533 907 2588 et
936 2525 1244 2607 Scaliger
1274 2523 1826 2589 Ausonianarum
1856 2524 2253 2588 Lectionum
2290 2539 2375 2586 11.
2404 2523 2515 2590 10.

317 2624 481 2689 Fuit
511 2626 703 2707 igitur
731 2648 826 2691 ex
853 2625 1232 2713 Aquitania
1261 2627 1607 2705 oriundus»,
1636 2627 1803 2709 quia
1834 2625 2248 2706 Nitiobriges
2286 2626 2359 2696 in
2397 2625 2517 2689 illa

317 2734 472 2792 sunt
511 2731 877 2812 provincia.
968 2732 1178 2796 Patre
1224 2730 1515 2794 nominis
1566 2730 1867 2815 ejusdem
1914 2730 2181 2812 genitus
2226 2728 2516 2793 videtur.

300 2829 508 2895 ⁴Hine
532 2834 707 2896 enim
739 2834 945 2899 credo
993 2854 1172 2912 esse,
1219 2833 1399 2917 quod
1441 2835 1531 2897 ab
1570 2831 1870 2898 Ausonio
1910 2837 2193 2896 vocatur
2237 2836 2258 2865 ‘
2289 2830 2516 2908 filius:

314 2932 616 2998 inititulo
640 2934 984 3019 Epistolae,
1008 2957 1213 3020 quam
1238 2938 1383 3001 suis
1407 2937 1937 3021 Epigrammatis
1965 2934 2281 3019 praefixit.
2344 2933 2519 2999 Ani-

316 3055 502 3102 mum
531 3038 773 3103 habuit
799 3040 996 3104 bonis
1028 3041 1288 3104 artibus
1335 3059 1417 3105 ao
1470 3040 1683 3104 literis
1727 3040 2127 3102 instructum
2171 3038 2518 3121 probeque

315 3140 729 3206 exercitumt
770 3147 1098 3228 praeterea
1146 3144 1359 3227 pium,
1404 3163 1485 3207 ao
1526 3143 1841 3207 fortassis
1870 3160 1915 3205 a
1949 3140 2263 3223 religione
2292 3140 2517 3205 Chris·

315 3242 504 3306 tiana
534 3264 666 3308 non
701 3246 969 3310 omnino
997 3247 1317 3311 alienum.
1405 3247 1520 3314 Ita
1563 3246 1742 3309 enim
1790 3242 2203 3310 consuetudo
2244 3243 2380 3308 ista
2418 3243 2517 3307 in-

318 3343 543 3410 dicate
596 3347 878 3426 videtur,
932 3347 1126 3434 cujus
1179 3345 1593 3413 ‘mentionem
1653 3347 1820 3412 facit
1873 3348 1941 3410 in
1999 3346 2319 3411 orationis
2369 3364 2517 3411 snae

321 3449 544 3531 capite
582 3451 910 3533 vigesimo
952 3459 1017 3516 et
1047 3440 1309 3536 'pt-imo.
1397 3450 1623 3529 Quam
1654 3448 2056 3513 Christianis
2088 3448 2520 3531 potissimum

318 3550 534 3615 fuisse
564 3555 890 3619 usitatam.
914 3574 996 3619 ae
1025 3556 1369 3620 solennem
1402 3558 1721 3619 accurate
1748 3551 2233 3633 diligenterque
2261 3548 2519 3613 Savaro

321 3653 549 3719 docet.
638 3655 742 3721 Ex
772 3657 1153 3740 disciplinis
1186 3659 1573 3742 artibusque
1615 3655 1911 3720 maxime
1958 3653 2202 3738 po'esin
2243 3650 2522 3730 amavit,

318 3765 401 3821 nt
448 3759 552 3822 vel
610 3778 701 3822 ex
756 3758 1176 3843 Panegyrico
1233 3760 1418 3824 illius
1453 3759 1824 3845 conjectari
1875 3761 2139 3841 potest..
2208 3754 2394 3819 Nam
2449 3754 2524 3817 in

320 3879 424 3926 eo.
468 3868 543 3925 et
600 3862 903 3926 formulis
965 3862 1458 3946 phrasibusque
1516 3871 1815 3926 veterum
1875 3857 2251 3942 poetarum,
2302 3857 2524 3921 maxi-

320 3981 431 4030 me
471 3963 740 4045 Virgilii
789 3983 926 4028 non
978 3984 1127 4028 raro
1187 3967 1418 4044 utitur,
1456 3971 1526 4030 et
1574 3962 1838 4030 fabulas
1899 3981 2127 4026 eorum
2190 3974 2523 4025 commen-

319 4072 523 4149 taque
556 4069 814 4151 passim
838 4068 1088 4145 inserit,
1118 4076 1188 4132 et
1215 4088 1341 4152 pet
1368 4068 1753 4132 universum
1786 4062 2057 4148 poetico
2087 4063 2350 4145 ingenio
2375 4082 2525 4128 ora·

318 4170 572 4235 tionem
599 4180 816 4237 ornat.
905 4173 1123 4237 Immo
1151 4180 1390 4257 aperte
1418 4170 1547 4236 hoc
1577 4169 1922 4235 Ausonius
1951 4172 2233 4233 testatur
2259 4165 2327 4229 in
2354 4185 2521 4250 prae-
