3084 4959
1090 395 1383 446 sacam
1432 398 1857 449 PRAErA'rio.
2407 389 2580 458 1117

453 536 556 604 X.
626 552 775 604 ΧΠ.
842 539 1240 625 Panegyrici
1290 539 1596 619 Veteres,
1648 545 1989 623 recensiti,
2044 549 2114 610 et
2164 546 2482 615 illustrati
2538 571 2583 619 a

366 640 520 706 Chr.
552 641 866 706 Cellario.
946 641 1155 708 Halae
1189 643 1511 727 Magdeb.
1540 645 1735 713 1703.
1765 645 1830 711 8.
1900 647 2170 715 'sextus
2198 656 2305 716 est
2333 650 2585 720 Grutev·

362 743 619 820 rianuS,
648 744 966 827 exceptis
995 746 1356 824 nonnulliS,
1390 747 1457 810 in
1502 748 1755 831 quibus
1798 747 2161 829 Cellarins,
2207 756 2452 836 partim
2498 756 2581 822 li-

361 844 633 909 brorum
661 864 706 910 a
744 845 1059 912 Livineio
1100 849 1500 915 collatorum
1543 852 1966 928 auctoritate,
2015 855 2264 936 partim
2309 857 2580 941 conjec-

361 947 537 1012 turis
567 949 864 1014 virorum
896 950 1249 1017 doctorum
1282 952 1528 1018 ductus
1560 955 1646 1018 ab
1673 972 1759 1018 eo
1792 952 2101 1020 discedit.
2193 957 2581 1024 Annotatio

253 1040 258 1046 ’
361 1048 590 1123 brevis
620 1057 752 1127 est,
783 1050 1013 1128 docta,
1048 1072 1179 1118 uno
1219 1054 1445 1133 verbo,
1478 1054 1883 1121 Cellariana.

448 1149 596 1216 XI.
643 1151 1043 1237 Panegyrici
1072 1153 1403 1223 Veteres:
1451 1158 2045 1243 Interpretatione,
2073 1165 2141 1226 et
2179 1161 2361 1226 notis
2387 1161 2578 1227 illus-

361 1254 558 1318 travit
582 1252 757 1319 Iac.
805 1254 915 1321 De
962 1257 1035 1321 la
1080 1257 1346 1323 Baune.
1434 1257 1679 1323 Venet.
1725 1260 1923 1326 1728.
1967 1262 2036 1325 4.
2125 1262 2579 1328 Parisiensem

360 1355 616 1421 Bannii
653 1356 1036 1435 editionem,
1084 1379 1239 1445 quae
1278 1380 1387 1426 an.
1420 1360 1615 1425 1677.
1658 1361 1936 1445 prodiit,
1968 1362 2154 1428 nullo
2185 1369 2387 1445 pacto
2413 1373 2582 1429 nan-i

363 1457 537 1524 cisci
584 1460 819 1543 potui3
864 1479 950 1526 ac
1000 1462 1280 1546 proinde
1325 1462 1458 1527 hoc
1489 1462 1753 1529 Catone
1781 1463 1987 1529 debui
2016 1482 2168 1530 esse
2197 1470 2578 1532 contentus,

364 1558 550 1638 Quia
574 1581 736 1628 vero
767 1563 856 1628 ad
884 1563 1178 1647 priorem
1210 1565 1394 1630 illam
1424 1563 1577 1630 haec
1607 1563 1876 1630 Veneta
1913 1584 2241 1650 expressa
2283 1572 2409 1644 est,
2439 1567 2576 1634 Pa-

360 1661 668 1728 risiensis
724 1667 1123 1751 posterioris
1181 1667 1454 1732 nomine
1507 1667 1840 1733 interdum
1899 1687 1943 1732 a
2002 1687 2110 1734 me
2171 1669 2575 1752 appellatur.

363 1764 656 1830 Textum
688 1768 998 1836 Baunius
1029 1772 1328 1837 servavit
1354 1771 1667 1851 Puteani,
1695 1770 1793 1836 ita
1829 1776 2075 1847 tamen,
2109 1776 2342 1836 utnon
2371 1772 2582 1837 modo

364 1886 625 1933 errores
669 1871 1128 1954 typotheticos
1178 1872 1648 1951 emendaverit,
1692 1872 1818 1938 sed
1864 1875 2073 1938 etiam
2105 1872 2447 1938 meliorem
2480 1874 2574 1938 in·-

364 1969 627 2035 terdum
658 1991 746 2037 ex
778 1973 1205 2057 conjecturis,
1225 1969 1338 2042 v'el
1366 1974 1585 2054 libris,
1614 1974 1950 2040 interdum
1982 1993 2146 2040 vero
2179 1973 2575 2040 deteriorem

360 2070 721 2138 lectionem
770 2075 840 2139 in
897 2094 1053 2142 eum
1103 2077 1448 2157 intulerit3
1504 2083 1799 2143 ceterum
1849 2097 1893 2143 a
1939 2076 2270 2143 subsidiis
2313 2079 2578 2146 criticis

363 2173 568 2242 valde
596 2177 978 2262 imparatus
1017 2179 1091 2243 id
1122 2179 1254 2244 sibi
1285 2179 1536 2262 negotii
1562 2179 1798 2245 datum
1832 2197 1988 2243 esse
2017 2178 2331 2256 credidit,
2360 2185 2431 2243 ut
2459 2200 2579 2244 ex·

360 2278 728 2362 plicatione
757 2283 1108 2346 verborum
1157 2282 1664 2366 qualicumque,
1695 2280 2115 2364 diligentiore
2153 2299 2397 2368 rerum,
2429 2282 2581 2365 qui-

360 2380 490 2445 bus
520 2400 612 2445 ex
637 2380 920 2448 historia
939 2387 1009 2448 et
1026 2391 1403 2467 temporum
1422 2382 1684 2449 ratione
1713 2381 2131 2448 declarandis
2154 2399 2428 2466 operam
2445 2403 2581 2449 non

360 2482 665 2550 inutilem
723 2485 1022 2565 navavit,
1076 2485 1578 2569 defungeretur3
1647 2492 1888 2568 estque
1950 2483 2153 2564 adeo,
2208 2490 2283 2550 ut
2333 2487 2580 2568 paucis

363 2585 804 2670 complectar,
846 2607 1018 2654 unus
1058 2608 1147 2654 ex
1187 2590 1415 2655 multis
1442 2589 1581 2656 illis
1611 2588 2099 2671 Interpretibus
2133 2586 2580 2670 Delphinicis·

360 2684 885 2756 Vid.·Schwarz.
917 2690 965 2755 l.
995 2710 1057 2756 c.
1087 2712 1161 2776 p.
1188 2692 1342 2756 ⁹750.
1390 2690 1718 2756 Biblioth.
1752 2690 1901 2755 Lat.
1929 2711 2003 2775 p.
2031 2689 2186 2756 429.

449 2787 639 2857 XII.
684 2791 1130 2877 Panegyricae
1155 2793 1520 2860 Orationes
1553 2791 1880 2857 Veterum
1914 2791 2298 2857 Oratorum.
2365 2786 2578 2855 Notis
2701 2853 2704 2856 .

364 2911 450 2958 ac
478 2893 768 2958 nummis
807 2893 1189 2975 illustravit,
1227 2903 1300 2962 et
1343 2895 1661 2962 Italicam
1692 2894 2302 2977 interpretationem
2331 2892 2580 2975 adjecit

366 2977 571 3059 Lafir.
595 2992 907 3075 Patarol,
934 2995 1271 3074 Venetus,
1298 2999 1396 3075 (in
1424 2997 1573 3083 ejus
1606 2997 1824 3081 Opp.)
1850 2995 2093 3062 Venet.
2116 2995 2312 3060 1743.
2343 2995 2411 3058 4.
2498 2994 2579 3059 Si

364 3096 517 3181 quis
544 3115 845 3181 unquam
873 3096 1124 3164 festiva
1149 3099 1621 3183 praesidiorum
1654 3098 1859 3182 eopia
1881 3096 2356 3163 instructusad
2383 3095 2580 3160 eden-

361 3198 489 3265 das
516 3199 727 3265 hasce
759 3201 1123 3269 Orationes
1170 3204 1493 3281 accessit,
1525 3199 1591 3267 is
1622 3209 1807 3268 certe
1835 3201 1965 3266 fuit
2001 3199 2299 3267 Patarol.
2388 3200 2578 3264 Usus

365 3305 474 3367 est
501 3301 657 3367 edd.
687 3302 899 3388 Cusp.
929 3303 1146 3369 Rhen.
1173 3304 1413 3383 Navii,
1442 3303 1719 3381 (Venet.
1739 3301 1963 3382 1576.)
2006 3302 2321 3379 Livineii,
2350 3299 2580 3365 Gene-

365 3405 688 3471 ,vensibus
720 3406 1008 3485 duabuS,
1047 3408 1258 3473 altera
1287 3425 1394 3473 an.
1423 3406 1623 3472 1638.
1674 3405 1886 3471 altera
1929 3424 2041 3469 an.
2069 3402 2266 3469 1663.
2296 3420 2582 3483 excusa,

360 3506 456 3590 (si
511 3527 939 3575 numerorum
996 3516 1174 3574 notae
1231 3525 1364 3575 non
1422 3505 1724 3591 fallunt,)
1776 3505 2176 3585 Panisiensi,
2226 3523 2334 3570 an.
2380 3505 2578 3570 1655-

361 3616 550 3696 (quae
571 3612 881 3697 repetitio
911 3616 1015 3677 est
1038 3612 1430 3689 Puteaneae,
1455 3629 1564 3675 an.
1583 3609 1779 3675 1643.
1812 3608 2232 3693 publicatae,)
2255 3607 2485 3682 altera,
2507 3606 2580 3670 in

363 3733 565 3779 usum
595 3712 916 3799 Delphini
970 3733 1015 3779 a
1057 3713 1328 3780 Baunio
1367 3717 1734 3797 procurata
1780 3729 1894 3776 an.
1920 3707 2118 3774 1677.
2167 3705 2576 3772 Cellariana.

360 3815 698 3882 Adhibuit
725 3815 878 3881 cod.
910 3812 1045 3880 Ms.
1077 3834 1172 3880 ex
1204 3815 1638 3880 Bibliotheca
1681 3811 1905 3895 patria
1949 3809 2042 3873 D.
2071 3807 2319 3888 Marci,
2369 3808 2579 3886 collaf

363 3918 619 3984 tionem
648 3919 848 3983 trium
878 3917 1078 3984 codd.
1103 3915 1621 3994 Vaticanorum,
1653 3919 1720 3978 et
1749 3911 2010 3979 codicis
2041 3910 2178 3977 Ms.
2196 3930 2287 3976 ex
2317 3910 2578 3976 Biblio-

362 4021 585 4099 theca,
615 4040 773 4106 quae
808 4017 1191 4084 Mediolani
1230 4024 1352 4095 est,
1384 4016 1860 4082 Ambrosiana.
1949 4013 2314 4108 Consuluit
2341 4031 2578 4110 omnes

362 4125 758 4209 interpretes
807 4128 876 4188 et
932 4121 1226 4198 criticoS,
1277 4121 1393 4205 qui
1447 4119 1806 4185 Orationes
1860 4117 2066 4182 hasce
2133 4116 2577 4181 illustrarunt.

363 4225 657 4291 Addidit
686 4243 1019 4300 nummos»,
1055 4224 1172 4307 qui
1215 4222 1330 4290 vel
1378 4223 1838 4306 imperatores,
1883 4238 2240 4301 eorumque
2281 4217 2579 4282 familias

364 4333 698 4414 spectant,
724 4327 836 4396 vel
866 4346 977 4393 res
1010 4327 1099 4393 ab
1126 4325 1215 4392 iis
1247 4330 1492 4410 gestas»,
1519 4327 1650 4391 Sec.
1672 4324 2025 4390 declarant.
2073 4319 2278 4404 ‘Quis
2307 4325 2579 4405 propter
