3084 4959
865 714 1900 884 ‘PANEGYRICUS
2000 792 2188 884 1v.

1096 1473 1601 1555 EUMENII
1688 1474 1987 1554 VITA.

440 1724 887 1820 Euusnms
930 1752 1187 1837 origine
1217 1748 1510 1849 Graecus
1538 1753 1611 1819 in
1638 1746 1889 1821 Galliis
1928 1760 2126 1822 natus
2167 1760 2274 1825 est
2299 1750 2645 1841 Augusto-

437 1853 642 1921 duni:
688 1874 831 1940 qua
871 1855 945 1921 in
984 1857 1174 1936 urbe,
1200 1856 1626 1941 temporibus
1653 1856 1794 1923 illis
1820 1857 2312 1938 florentissima,
2339 1866 2412 1925 et
2434 1860 2645 1927 bona-

433 1975 581 2022 rum
612 1959 853 2023 artium
882 1959 1066 2026 velut
1094 1958 1279 2039 sede,
1308 1960 1461 2044 ipse
1488 1959 1662 2025 Pan.
1688 1976 1793 2025 lv.
1823 1959 1934 2026 1⁶7.
1961 1964 1982 1998 ‘
2000 1979 2201 2026 avum
2232 1979 2455 2040 suum,
2484 1982 2643 2033 eum

435 2064 617 2126 esset
645 2061 1081 2145 octogenario
1102 2062 1342 2148 maJor,
1358 2062 1698 2147 quondam
1727 2061 2087 2142 docuisse,'
2116 2062 2237 2141 ait,
2266 2067 2288 2102 ‘
2307 2063 2641 2131 hominem

433 2159 723 2228 Athenis
765 2173 1009 2243 ortum,
1069 2163 1317 2231 Romae
1365 2163 1482 2230 diu
1539 2164 1896 2242 celebrem,
1937 2182 2104 2229 mox
2147 2165 2220 2230 in
2270 2163 2427 2248 ipsa
2469 2166 2640 2231 urbe

431 2271 787 2348 perspecto
818 2271 886 2331 et
914 2266 1202 2349 probato
1225 2267 1566 2333 hominum
1589 2285 1818 2333 amore
1835 2264 2185 2346 doctrinae,
2196 2272 2408 2351 atque
2439 2265 2645 2351 hujus

432 2364 657 2450 ipsius
689 2369 913 2452 operis
938 2368 1373 2435 veneratione
1401 2368 1795 2435 detentum.²

521 2465 681 2551 Ipse
710 2488 867 2534 cum
896 2469 970 2535 in
998 2460 1158 2535 aula
1185 2469 1567 2565 Constantii
1593 2470 1825 2537 Chlori
1855 2469 2149 2539 Caesaris
2178 2475 2352 2537 esset
2392 2470 2645 2554 magis-

429 2575 535 2637 ter
581 2589 795 2637 sacrae
838 2573 1206 2652 memoriae,
1248 2573 1322 2639 id
1368 2580 1497 2653 est,
1525 2574 1774 2640 libellis
1813 2580 1886 2640 et
1928 2561 2241 2658 epistolis
2282 2572 2641 2653 faciendi&

432 2671 918 2759 signandisque
974 2676 1319 2761 rescriptis
1373 2684 1727 2761 praeesset,
1800 2684 1996 2744 tanta
2051 2695 2207 2742 cum
2266 2675 2533 2758 ingenii,
2570 2682 2642 2741 et

427 2773 833 2859 eloquentiae
890 2778 1286 2862 praestantia
1341 2780 1833 2863 amplissimum
1888 2778 2055 2845 illud
2111 2777 2347 2863 palatii
2388 2794 2638 2843 munus

431 2876 620 2956 obiit,
664 2884 738 2946 ut
783 2880 858 2945 in
909 2879 1360 2949 AEduensium
1405 2879 1786 2948 scholarum
1831 2879 2274 2948 moderatoris
2300 2877 2639 2949 demortui

427 2978 650 3047 locum
682 3000 724 3046 a
754 2980 1160 3049 Constantio
1190 2982 1506 3049 suffectus
1537 2985 1647 3049 sit.
1734 2982 1817 3048 In
1861 2982 2054 3068 cujus
2095 2983 2191 3049 rei
2243 2980 2417 3046 actis
2461 2977 2638 3044 Con-

429 3082 722 3148 stantius
752 3083 1058 3149 Eumenii
1087 3083 1549 3168 eloquentiam
1580 3090 1647 3152 et
1675 3085 2073 3169 gravitatem
2106 3079 2549 3158 commendat,
2567 3085 2639 3147 et

426 3172 764 3266 geminata
796 3184 943 3271 ejus
971 3184 1320 3270 pensione,
1366 3203 1665 3253 sexcena
1714 3185 1927 3251 millia
1978 3203 2314 3251 nummum
2343 3182 2499 3262 (hoc
2529 3188 2639 3248 est

424 3283 670 3353 26250.
699 3287 909 3352 libras
939 3287 1341 3368 Francicus)
1369 3286 1438 3353 ei
1484 3305 1612 3372 pro
1667 3287 1922 3353 salario
1965 3285 2291 3364 attribuit,
2339 3302 2494 3368 cap.
2528 3299 2636 3351 ιν.

427 3385 658 3467 Quam
703 3389 1015 3473 pecuniae
1061 3407 1390 3455 summam
1443 3386 1704 3456 Caesari
1750 3388 2118 3455 obsecutus
2160 3387 2435 3470 accepit
2480 3385 2635 3470 qui·-

426 3490 604 3572 dem,
633 3496 713 3556 ut
737 3491 892 3575 ipse
921 3492 1039 3567 ait,
1083 3495 1104 3529 ‘
1127 3497 1454 3577 quantum
1483 3488 1572 3554 ad
1599 3489 1918 3556 honorem
1948 3485 2346 3573 spectabat,’
2372 3506 2434 3551 c.
2465 3501 2635 3551 xvt.

424 3612 578 3659 eam
598 3612 756 3665 vero
783 3592 870 3659 ad
887 3592 1340 3659 AEduensium
1371 3591 1753 3658 scholarum
1784 3589 2342 3657 instaurationem
2372 3586 2634 3671 impen-

425 3694 632 3761 dendi
661 3700 1073 3780 potestatem
1104 3693 1238 3760 sibi
1267 3692 1436 3771 fieri,
1488 3693 1725 3758 habita
1766 3711 1918 3758 eam
1949 3691 2024 3755 in
2050 3709 2192 3757 rem
2221 3688 2349 3752 hac
2371 3687 2632 3769 elegan-

422 3795 690 3862 tissima
717 3795 1047 3873 oratione,
1092 3794 1310 3880 petiit.
1397 3791 1851 3858 Numer-osam
1894 3791 2030 3857 sibi
2072 3788 2377 3854 sobolem
2421 3788 2636 3857 fnisse

423 3903 710 3965 testatur
734 3896 909 3964 Pan.
943 3912 1087 3962 vu.
1113 3896 1223 3962 23.
1267 3893 1388 3960 ubi
1416 3912 1745 3960 conversa
1772 3891 1860 3959 ad
1892 3889 2406 3957 Constantinum
2438 3889 2632 3975 Mag-

421 4019 577 4066 num
607 3999 945 4066 oratione:
980 4005 999 4035 ‘
1030 3995 1414 4077 Maximas,’
1439 3995 1689 4081 inquit,
1718 4000 1741 4032 ‘
1763 3993 2022 4060 numini
2049 4001 2174 4060 tuo
2208 3992 2459 4076 gratias
2479 4010 2633 4077 ago,

420 4102 679 4187 tibique
706 4101 893 4186 quod
940 4107 1253 4186 superest
1279 4096 1680 4166 commendo
1720 4094 1977 4164 liberos
2008 4115 2217 4174 meoS,
2259 4094 2639 4179 praecipue·

423 4223 556 4290 que
596 4203 790 4272 illum
830 4204 978 4289 Jam
1008 4222 1273 4273 summa
1299 4202 1453 4268 fisci
1480 4201 1867 4288 patrocinia
1893 4203 2309 4280 tractantem,
2337 4195 2408 4261 in
2437 4216 2635 4289 quem
