3084 4959
480 308 656 376 1104
1248 325 1323 372 Η.
1367 326 1426 373 s.
1473 323 1903 374 ARN'rzssmr

485 469 647 535 dum
677 469 976 549 eruditiS,
1008 468 1131 534 sed
1154 469 1368 553 justo,
1399 468 1460 533 si
1491 488 1716 534 verum
1747 468 1980 548 fatear,
2011 451 2448 552 longioribus.
2510 466 2684 533 Cum

481 592 643 639 vero
671 572 968 656 reliquos
998 572 1068 635 in
1101 572 1285 636 aliud
1317 576 1582 655 tempus
1612 572 2004 656 seposuisse
2029 573 2494 657 Panegyricos
2523 570 2687 633 mihi
2814 565 2826 576 '

484 675 843 750 videretur,
883 692 1102 757 neque
1141 672 1362 737 adhuc
1407 673 1476 737 in
1514 693 1756 738 manus
1795 674 2138 738 bominum
2181 674 2272 738 cl.
2299 670 2688 755 Wolt'gangi

482 776 760 861 Jaegeri,
804 773 1270 859 Philosophiae
1309 777 1379 841 in
1426 773 1805 842 Academia
1830 775 2210 841 Altdor'fina
2237 772 2686 850 Professoris,

483 880 907 964 pervenisset
935 878 1168 956 editio,
1196 879 1427 962 ampla
1456 897 1691 943 eorum
1720 898 1913 962 seges
1942 882 2313 963 supererat,
2337 878 2405 941 in
2435 875 2688 959 quibus

483 982 733 1065 ingenii
764 983 939 1047 vires
970 980 1285 1065 experiri,
1310 987 1381 1045 et
1407 981 1584 1046 locis
1612 981 2035 1047 librariorum
2056 979 2423 1064 praesertim
2448 976 2691 1041 inertia

484 1086 957 1151 laborantibus
989 1083 1310 1168 opitulari
1344 1084 1600 1150 liceret.
1689 1082 1931 1151 Telam
1960 1082 2131 1147 banc
2164 1080 2297 1147 sibi
2327 1087 2688 1164 pertexen-

485 1186 643 1252 dam
683 1191 1011 1251 sumserat
1044 1184 1209 1249 olim
1249 1184 1317 1248 in
1360 1184 1775 1251 Praefatione
1822 1186 1909 1251 ad
1954 1185 2163 1251 Plinii
2194 1181 2691 1265 Panegyricum

485 1293 679 1373 pater
705 1306 920 1365 meus,
947 1286 1287 1371 fidemque
1331 1281 1562 1352 datam
1601 1287 1670 1351 in
1715 1288 1979 1353 Pacato
2009 1287 2270 1351 solvere
2298 1283 2548 1367 coepit;
2591 1300 2687 1347 re·-

483 1390 735 1475 liquam
768 1409 959 1473 spem
990 1402 1201 1453 morte
1237 1391 1558 1472 pervertit
1600 1390 1661 1454 is
1706 1408 1946 1469 annus,
1976 1388 2094 1475 qui
2129 1390 2342 1472 ipsius
2372 1403 2691 1461 amorem,

487 1498 559 1556 et
588 1510 815 1556 curam
844 1490 1007 1555 mihi
1036 1490 1303 1574 eripuit,
1338 1491 1468 1569 cui,
1503 1490 1638 1556 etsi
1679 1511 1807 1556 non
1846 1511 2103 1576 parem,
2134 1510 2258 1573 pro
2290 1507 2438 1553 meo
2467 1491 2694 1552 tamen

487 1591 715 1659 studio
744 1591 1033 1656 debitam
1067 1611 1336 1675 semper
1366 1593 1806 1676 meritamque
1855 1594 2098 1658 referre
2140 1594 2423 1675 gratiam
2466 1589 2691 1674 pietas

477 1694 694 1780 jubet.
757 1692 926 1757 Cum
960 1712 1116 1758 vero
1146 1691 1216 1757 in
1248 1694 1469 1777 ipsius
1496 1694 2069 1761 commentariolis
2097 1695 2261 1759 nihil
2291 1694 2692 1759 invenissem

488 1796 933 1874 elaboratum,
975 1801 1092 1861 aut
1129 1797 1529 1880 perfectum,
1574 1797 1756 1883 quod
1799 1797 2000 1882 hujus
2044 1803 2231 1863 esset
2272 1815 2495 1879 operae
2538 1812 2691 1879 pro-

485 1899 735 1983 prium,
783 1897 901 1965 sed
942 1904 1204 1964 tantum
1249 1900 1587 1983 ascriptas
1636 1900 1745 1965 ed.
1790 1898 2190 1965 Cellarianae
2244 1897 2692 1983 conjecturaS,

483 2002 772 2086 locaque
799 2019 1054 2080 eorum,
1072 2000 1193 2086 qui
1221 2003 1516 2084 sparsim
1549 2001 1634 2068 ad
1663 2002 1792 2066 hos
1810 1999 2154 2066 Rhetoras
2183 2000 2347 2085 quid
2378 1999 2695 2066 contulis-

488 2110 661 2180 sent,
692 2104 946 2185 nescio,
989 2091 1117 2187 qui
1149 2105 1402 2169 factum
1440 2104 1665 2185 fuerit,
1699 2109 1776 2169 ut
1820 2105 1996 2189 ipse-
2020 2123 2289 2169 manum
2330 2103 2694 2170 admovere

490 2206 835 2291 coeperim,
862 2225 945 2271 eo
969 2206 1237 2291 quidem
1264 2223 1611 2286 successu,
1629 2215 1712 2273 ut
1738 2207 1826 2273 ad
1857 2226 2016 2292 pag.
2038 2208 2146 2272 29.
2181 2206 2329 2291 jam
2359 2205 2697 2290 perrexis-

490 2316 597 2373 set
641 2306 1117 2392 typographuS,
1148 2326 1307 2372 cum
1349 2327 1521 2373 anno
1550 2309 1743 2374 1774.
1771 2308 1820 2373 J
1825 2308 1964 2372 uris
2009 2308 2080 2372 in
2118 2308 2360 2373 illustri
2396 2307 2696 2394 civitatis

491 2407 1226 2491 Groningo-Omlandae
1255 2408 1635 2474 Academia
1665 2409 1958 2482 docendi
1991 2409 2342 2494 provincia
2370 2410 2532 2474 mihi
2576 2410 2695 2475 ob·

491 2512 794 2593 tingeret,
823 2510 892 2574 in
924 2530 1059 2596 qua
1087 2530 1244 2604 cum
1276 2510 1365 2576 ad
1407 2511 1564 2594 alia,
1613 2518 1684 2576 et
1730 2511 1817 2576 ab
1857 2510 1991 2576 hoc
2042 2511 2411 2577 studiorum
2456 2530 2698 2595 genere

491 2619 768 2692 remota,
794 2632 901 2679 me
932 2614 1149 2696 magis
1179 2615 1565 2693 conferrem,
1591 2634 1856 2680 omnem
1884 2613 2087 2699 hujus
2119 2615 2344 2699 operis
2366 2634 2598 2681 curam
2624 2615 2698 2679 in

491 2716 647 2799 ipso
675 2717 860 2782 velut
887 2724 1087 2800 partu
1119 2719 1428 2803 abjicere,
1456 2719 1875 2803 aliorumque
1898 2718 2160 2783 auxilio
2192 2718 2573 2803 relinquere
2605 2736 2697 2782 ex

490 2837 564 2881 re
613 2836 765 2882 mea
806 2818 970 2882 mihi
1011 2821 1357 2903 antiquius
1407 2820 1785 2899 videbatur,
1837 2820 2153 2903 speranti,
2193 2820 2333 2885 sore
2378 2820 2697 2904 aliquem,

491 2920 612 3004 qui
639 2918 885 3004 majori
916 2922 1080 3000 otio,
1099 2928 1168 2989 et
1197 2921 1466 3006 ingenio
1498 2922 1859 2988 maturiore
1884 2939 2086 3007 opem
2115 2922 2392 2988 afferret.
2456 2922 2699 3006 Neque

491 3041 655 3105 spes
686 3043 793 3088 me
823 3023 1176 3106 destituit3
1205 3025 1268 3090 is
1297 3026 1476 3090 enim
1508 3031 1655 3092 erat
1684 3026 1767 3091 cl.
1793 3026 2132 3108 JaegeruS,
2156 3027 2468 3092 omnibus
2499 3045 2701 3092 accu-

490 3129 655 3190 ratae
715 3126 1037 3193 doctrinae
1097 3129 1321 3212 copiis
1383 3128 1691 3210 affluens,
1748 3149 1903 3194 cum
1962 3149 2140 3194 anno
2190 3130 2388 3195 1779.
2433 3131 2699 3197 duobus

492 3227 967 3305 voluminibus,
997 3229 1218 3294 forma
1263 3231 1706 3314 octuplicata,
1737 3230 1869 3296 hos
1911 3231 2375 3316 Panegyricos
2417 3232 2701 3299 feliciter

496 3326 860 3393 admodum
921 3330 991 3393 in
1051 3330 1274 3395 lucem
1334 3333 1708 3415 protulerit,
1765 3332 1922 3410 cod.
1980 3333 2370 3413 Scbwarzii,
2424 3337 2702 3402 iisdem·
2743 3343 2749 3348 ’

493 3450 626 3515 que
699 3449 789 3496 ex
866 3431 1185 3497 Gudiano
1246 3435 1620 3519 excerptiS,
1672 3454 1831 3522 quae
1890 3456 2099 3521 penes
2156 3458 2262 3503 me
2320 3440 2698 3521 servabam,

495 3531 797 3617 adjutus.
871 3532 986 3598 Ita
1015 3534 1181 3600 nibil
1205 3541 1367 3615 erat,
1386 3535 1456 3600 in
1491 3557 1626 3620 quo
1648 3559 1823 3618 mea,
1850 3542 2468 3628 quantulacumque
2490 3552 2700 3624 esset,

492 3652 698 3718 opera
725 3636 941 3700 locari
973 3635 1269 3719 amplius
1299 3657 1510 3720 posse
1541 3641 1898 3707 videretur.
1951 3642 2207 3728 Lapsis
2232 3645 2331 3711 ita
2351 3648 2464 3711 14.
2491 3648 2702 3727 anniS,
2777 3651 2782 3654 ’

493 3742 723 3803 tamen
750 3738 998 3816 evenit,
1032 3740 1214 3823 quod
1245 3741 1544 3807 futurum
1573 3763 1703 3808 non
1737 3745 2162 3829 suspicabar.
2246 3747 2701 3833 Typographo

492 3839 691 3914 enim,
725 3839 919 3924 cujus
950 3847 1178 3906 sumtu
1210 3844 1464 3926 priores
1508 3846 1672 3925 illae,
1705 3847 1790 3911 de
1821 3850 2065 3932 quibus
2095 3849 2262 3928 dixi,
2294 3851 2563 3933 paginae
2594 3859 2703 3936 ty-

491 3941 602 4025 pis
631 3947 861 4006 essent
890 3962 1189 4023 excusae,
1221 3954 1509 4026 mortuo,
1547 3968 1702 4013 cum
1737 3951 1859 4017 alii
1896 3952 2213 4017 emtionis
2254 3954 2456 4018 titulo
2499 3948 2731 4026 omne'

493 4043 629 4108 sibi
665 4043 785 4127 jus
841 4054 1373 4129 comparassent,
1434 4050 1502 4115 hi
1550 4051 1824 4136 quidem
1876 4072 2009 4120 non
2060 4054 2486 4132 destiterunt,
2538 4055 2702 4141 quin

493 4144 795 4233 quotidie
825 4146 1236 4218 hortarentur
1275 4151 1361 4219 de
1403 4155 1719 4239 promissi
1754 4155 1889 4225 fide
1923 4155 2289 4244 implenda,
2322 4158 2538 4247 iisque
2565 4179 2704 4228 non
