3084 4959
505 386 679 455 1144
1514 399 1694 449 vira

592 575 888 671 A.U.c.
950 587 1245 669 mxnvrj
1302 600 1456 669 Chr.
1512 618 1827 667 ccxcnn.
1937 601 2235 667 Dioclet.
2290 601 2467 687 Imp.
2524 569 2610 667 ¹x.

785 707 926 773 AEt.
961 724 1143 771 xnv.
1220 705 1504 771 Maxim.
1538 704 1715 790 Imp.
1749 721 1856 770 rx.
1936 705 2148 771 AEtat.
2182 720 2415 789 xum.

592 825 1061 906 Diocletianus
1121 844 1193 892 V.
1255 825 1718 892 Maximianus
1769 842 1900 892 -1v.
1945 823 2388 890 Consulatum
2447 825 2699 890 ineunt.

503 927 703 994 Illum
730 938 991 1015 tropaea
1021 930 1306 1008 Persica
1335 949 1553 1014 usque
1590 935 1673 995 eo¹
1713 929 2023 995 amentiae
2052 927 2435 1012 adegerunt,
2462 934 2539 992 ut
2570 925 2700 990 Ca-

502 1031 731 1114 ligulae
779 1040 845 1099 et
891 1033 1267 1100 Domitiani
1317 1033 1631 1118 exemplo
1683 1032 1948 1097 adorari
1987 1051 2063 1097 se
2112 1038 2429 1116 tanquam
2476 1030 2700 1094 Deum

501 1135 743 1202 vellet:
775 1137 865 1201 ad
891 1137 1083 1222 cujus
1110 1135 1853 1221 nominis‘majestatem
1883 1143 2006 1200 aut
2035 1131 2550 1211 conciliandam,
2582 1138 2700 1198 aut

501 1238 835 1318 tuendam,
864 1259 995 1306 non
1025 1239 1224 1306 modo
1255 1239 1450 1316 vesti,
1481 1239 1601 1305 sed
1630 1245 1701 1305 et
1728 1239 1979 1304 calceis
2012 1238 2188 1323 ipsis
2217 1255 2513 1322 gemmas
2544 1251 2704 1319 pre«

501 1341 913 1409 tiosissimas
941 1343 1293 1411 inserebat.
1359 1342 1639 1409 Interim
1666 1340 1998 1409 Oarausio
2023 1360 2143 1426 per
2163 1339 2486 1406 Alectum
2516 1355 2701 1403 sum-

501 1463 682 1510 mum
729 1448 864 1510 sub⁴
907 1466 992 1512 eo
1046 1465 1260 1512 rerum
1314 1443 1774 1513 administrum
1826 1446 2083 1524 occiso,
2144 1445 2467 1510 adversus
2522 1441 2700 1506 hune

506 1541 812 1614 Romana
841 1549 1082 1614 classis
1114 1557 1504 1678 apparatur.

591 1756 1260 1860 A.U.G.Mxr.v11.
1345 1761 1502 1827 Chr.
1556 1775 1869 1826 ccxciv.
1949 1759 2611 1844 Dioclet.lmp.x1.

650 1865 653 1868 ’
805 1859 1196 1932 AEt.x1.v1.
1267 1863 1556 1931 Maxim.
1609 1864 1785 1949 Imp.
1820 1881 1899 1930 x.
1953 1865 2414 1930 AEtat.x1.1v.
2581 1881 2582 1884 ¹

588 2015 1050 2112 Diocletianus
1100 2033 1424 2112 adversus
1473 2045 1871 2125 Bastarnae,
1914 2047 2197 2132 Carpos,
2247 2052 2315 2112 et
2353 2046 2705 2111 Sarmatas

499 2149 809 2228 rebelleS,
855 2147 1228 2230 Galerium,
1268 2150 1387 2235 qui
1428 2149 1560 2215 hoc
1607 2168 1778 2215 anno
1821 2168 1973 2216 cum
2020 2147 2416 2214 Constantio
2455 2146 2699 2212 chloro

498 2253 769 2335 gerebat
811 2252 1266 2331 consulatum,
1319 2254 1554 2319 mittit.
1642 2248 1984 2321 Defuncta
2033 2260 2264 2318 autem
2306 2251 2454 2334 ejus
2487 2268 2702 2315 uxore

499 2354 800 2452 Valeria,
832 2354 1109 2422 Galerio
1156 2377 1311 2423 cum
1354 2358 1719 2442 imperator
1764 2358 2142 2422 Susannam
2175 2354 2455 2420 Gabinii
2486 2351 2705 2418 affinis

500 2462 606 2524 sui
655 2459 863 2525 filiam
906 2460 1264 2546 conjugem
1316 2457 1512 2526 dare
1524 2460 1755 2539 vellet,
1799 2460 1916 2525 illa
1965 2458 2381 2536 Christiana,
2432 2456 2705 2540 gentilis

498 2562 781 2627 hominis
809 2566 1083 2647 nuptias
1113 2581 1456 2641 recusans,
1484 2564 1551 2627 in
1578 2563 1876 2647 paternis
1905 2560 2167 2627 aedibus
2197 2558 2500 2626 caeditur.
2590 2555 2704 2621 Ac

503 2665 770 2731 duobus
800 2673 957 2753 post
983 2667 1176 2733 annis
1207 2667 1566 2743 Gabinius,
1593 2686 1724 2732 una
1753 2683 1932 2730 cum
1927 2662 2117 2728 Caio
2147 2661 2481 2727 Pontifice
2506 2659 2702 2724 uteri-

498 2785 588 2832 no
615 2768 845 2847 fratre,
877 2777 1156 2854 propter
1182 2747 1640 2834 Christianam
1669 2769 1940 2853 pariter
1990 2765 2377 2849 religionem
2420 2759 2703 2890 Diocle-

499 2872 671 2938 tiani
698 2873 904 2957 jussu
934 2873 1315 2939 interfectus
1344 2878 1474 2949 est,
1507 2871 1671 2937 Kal.
1704 2869 1903 2937 Maii.

584 3018 672 3085 A.
695 3019 787 3086 U.
812 3019 891 3088 G.
937 3038 1279 3087 uxnvm.
1346 3020 1504 3086 Chr.
1536 3035 1814 3085 ccxcv.
1901 3018 2197 3083 Dioclet.
2251 3013 2429 3100 Imp.
2464 3029 2613 3080 xu.

762 3126 966 3191 AEtat.
995 3142 1242 3190 xnvn.
1317 3123 1605 3190 Maxim.
1636 3122 1812 3207 Imp.
1849 3137 1968 3188 xr.
2043 3121 2251 3186 AEtat.
2285 3135 2467 3183 κων.

589 3243 1065 3310 Diocletianus
1110 3251 1321 3310 morte
1367 3245 1573 3311 afficit
1611 3243 1956 3321 Serenam,
1989 3240 2343 3325 conjugem
2376 3236 2700 3301 Christia-

501 3370 682 3427 nam,
707 3348 1006 3416 Valeriae
1032 3355 1097 3414 et
1126 3348 1467 3433 Eutropiae
1495 3356 1821 3428 matrem3
1858 3337 2140 3431 quarum
2168 3344 2315 3409 h'aec
2345 3339 2701 3420 Herculio,

501 3452 626 3518 illa
651 3451 933 3519 Galerio
963 3457 1291 3537 nupserat.
1365 3450 1575 3531 Quod
1602 3454 1872 3535 spectat
1900 3448 1989 3515 ad
2019 3467 2126 3513 res
2158 3441 2517 3523 bellicas,“
2542 3441 2700 3510 Car·

502 3575 740 3641 porum
787 3553 1025 3634 nati0‚'
1075 3556 1293 3639 inquit
1343 3554 1631 3633 IdatiuS,
1677 3558 1698 3588 ‘
1725 3552 2044 3619 translata
2080 3550 2296 3615 omnis
2335 3548 2420 3612 in*
2449 3546 2702 3613 Roma-

504 3679 656 3726 num
701 3660 942 3741 solum,
988 3660 1183 3747 cujus
1234 3661 1375 3725 fere
1430 3679 1590 3745 pars
1622 3658 1768 3744 jam
1820 3666 1965 3723 tum
2010 3663 2153 3722 erat
2198 3655 2287 3720 ab
2324 3652 2700 3719 Aureliano

508 3761 738 3830 caesa!

589 3932 680 4021 A.
706 3930 898 3997 U.G.
932 3948 1221 3997 Mxmx.
1307 3930 1461 3997 Chr.
1495 3946 1801 3996 ccxcvi.
1896 3928 2191 3994 Dioclet.
2222 3926 2399 4011 Imp.
2431 3939 2613 3989 xm.

677 4034 885 4100 AEtat.
918 4050 1207 4099 xnvm.
1297 4034 1586 4113 Maxim.
1615 4033 1796 4115 Imp.
1829 4047 1977 4096 xn.
2064 4030 2278 4096 AEtat.
2310 4044 2530 4093 xntvr.

593 4160 1067 4234 Diocletianus
1096 4185 1197 4234 vr.
1229 4170 1460 4235 consul
1492 4159 1982 4234 Alexandriam
2034 4172 2294 4236 octavo
2329 4163 2708 4231 obsidionis

506 4293 734 4339 mense
761 4271 971 4356 capit,
1000 4273 1233 4358 ibique
1276 4274 1620 4339 interfecto
1668 4271 2019 4338 seditionis
2058 4274 2335 4336 auctore
2364 4267 2702 4344 Achilleo,
