3084 4959
472 366 647 439 1116
1201 380 1493 434 JAEemu
1544 379 1963 431 PRAEFA'rio.

473 539 740 601 textum
758 528 1230 598 Gruterianum
1258 528 1358 593 ita
1386 527 1706 611 sequitur,
1737 528 1813 591 ut
1840 524 2046 590 etiam
2072 523 2234 592 vitia
2255 513 2691 610 tynographi-

474 657 560 703 ca
583 635 885 702 retineat.
978 629 1235 699 Praeter
1264 630 1492 697 Notas
1522 628 1888 695 Variorum
1916 627 2383 711 Interpretum,
2415 626 2692 693 exhibet

475 739 677 805 etiam
703 736 1008 802 libellum
1036 735 1435 803 variantium
1463 731 1865 809 lectionum,
1897 731 1987 795 ab
2015 728 2316 795 Antonio
2345 729 2691 798 Schonho⁴

477 842 590 908 vio
637 840 1095 916 collectarum,
1147 843 1217 902 et
1262 836 1354 901 ad
1405 829 1594 930 <iram
1648 832 1946 899 Froben.
1999 833 2466 916 ascriptarum,
2516 850 2692 915 quas

480 942 837 1011 Cornelius
878 939 1286 1008 Gualtherus
1332 936 1625 1003 describi
1667 935 1949 1015 curavit,
1989 939 2057 999 et
2100 933 2228 999 Th.
2271 934 2693 999 Pulmannus

478 1046 828 1128 diligenter
852 1042 1241 1126 exscriptas
1273 1042 1364 1107 ad
1386 1039 1494 1105 Cl.
1519 1039 1896 1106 Puteanum
1925 1038 2127 1102 misit.
2190 1035 2265 1100 H
2270 1057 2330 1102 ae
2361 1027 2697 1101 lectiones

480 1167 638 1212 cum
677 1145 887 1229 Cusp.
940 1144 1114 1210 adeo
1165 1144 1553 1225 congruunt,
1594 1135 1673 1206 ut
1723 1160 1845 1204 eas
1892 1131 1984 1203 ex
2027 1130 2162 1203 isto
2215 1137 2530 1223 exemplo
2576 1136 2693 1202 dc-

481 1255 807 1334 promum,
859 1252 931 1311 et
997 1246 1412 1331 conjecturis
1473 1244 1727 1308 mixtas
1785 1242 2002 1306 fuisse
2057 1240 2248 1306 initio
2296 1240 2696 1324 suspicarer.

482 1351 619 1416 Sed
661 1370 788 1415 non
844 1350 942 1414 ita
1007 1367 1181 1425 esse,
1248 1364 1412 1412 mox
1465 1345 1800 1423 intellexi,
1858 1362 2014 1407 cum
2057 1342 2375 1420 viderem,
2434 1341 2699 1407 Schon-

481 1451 754 1518 hovium
805 1451 1049 1515 inferre
1095 1450 1494 1514 mentionem
1548 1447 1706 1511 libri
1764 1445 2201 1524 ViennensiS‚
2255 1443 2498 1530 Lipsio
2553 1446 2697 1512 lau-

483 1553 648 1633 dati,
715 1560 1039 1639 tanquam
1100 1551 1355 1616 diversi
1427 1550 1515 1614 ab
1584 1567 1690 1624 eo,
1768 1567 1902 1631 quo
1967 1549 2123 1630 ipse
2192 1554 2512 1613 uteretur.-
2620 1548 2699 1613 Is

483 1675 645 1721 vero
688 1655 858 1721 liber
905 1653 1308 1719 Viennensis
1354 1673 1486 1719 non
1530 1652 1704 1717 alius
1749 1670 1902 1716 esse
1948 1656 2199 1735 potest,
2228 1651 2359 1715 nisi
2388 1650 2494 1715 ed.
2527 1650 2701 1716 Gus-

484 1759 761 1844 piniani.
852 1757 937 1822 In'
967 1756 1099 1820 fine
1131 1755 1343 1820 libelli
1375 1745 1646 1839 adjecta
1673 1760 1828 1819 sunt
1857 1753 2009 1819 haec
2042 1756 2243 1819 verba
2264 1774 2284 1815 ε
2327 1758 2350 1788 ‘
2377 1769 2497 1817 111.
2516 1753 2697 1819 Non.·

485 1859 667 1944 Aug.
697 1860 901 1942 Brug.
936 1878 1000 1924 a.
1033 1858 1230 1923 1436.
1261 1856 1374 1923 A?
1463 1858 1643 1923 Haec
1674 1859 1734 1922 si
1765 1875 1936 1922 sana
1964 1863 2211 1940 essent,
2241 1849 2586 1940 nunquam
2615 1854 2700 1918 de

488 1962 596 2026 ed.
630 1961 1026 2045 Cuspiniani
1053 1960 1165 2025 hic
1197 1960 1495 2025 adhibita
1524 1960 1825 2041 cogitare
1857 1959 2264 2025 debuissem.
2344 1957 2480 2026 Sed
2512 1957 2702 2026 vide-

484 2067 594 2130 ‘tur
626 2063 970 2147 prol436.
1000 2063 1461 2147 reponendum
1507 2082 1656 2127 esse
1692 2062 1888 2127 1536.
1924 2062 1986 2127 si
2017 2061 2290 2147 quidem
2320 2059 2413 2125 A.
2441 2060 2701 2125 Schon-

489 2167 733 2232 hovius
763 2165 938 2232 hanc
980 2166 1380 2250 farraginem
1411 2166 1771 2248 collegisse
1800 2164 2169 2231 credendus
2199 2171 2368 2231 est.¹¹¹
2458 2164 2703 2231 Insunt

488 2288 692 2353 porro
743 2268 816 2332 in
861 2268 989 2333 hac
1018 2267 1316 2333 editione
1345 2267 1849 2332 lectiones'cod.
1883 2267 2215 2348 Puteani3
2263 2266 2509 2353 quibus
2545 2268 2701 2333 sub-

481 2371 804 2455 jiciuntur
852 2371 1042 2436 hoec:
1089 2374 1112 2406 ‘
1143 2369 1386 2435 Romae
1434 2368 1522 2433 A.
1558 2370 1648 2434 Ι).
1692 2371 1890 2435 1571.
1936 2389 2153 2434 mens.
2197 2370 2243 2435 J
2251 2367 2501 2437 anuat?
2590 2369 2705 2434 Ex

492 2474 603 2538 his
647 2472 811 2537 mihi
866 2471 944 2546 fit
991 2471 1376 2547 verisimile,
1427 2470 1754 2537 lectiones
1802 2471 1926 2536 has
1965 2474 2217 2555 petitas
2257 2493 2412 2538 esse
2452 2491 2542 2537 ex
2581 2472 2705 2537 illo

495 2575 730 2640 codice
757 2573 1154 2653 Vaticano‚¹⁸
1187 2593 1388 2657 quem
1441 2594 1594 2641 cum
1641 2574 1887 2640 ceteris
1934 2563 2138 2658 hujus
2168 2573 2449 2641 familiae
2478 2576 2704 2640 conci·-

494 2697 657 2743 nere
689 2696 900 2760 supra
929 2677 1339 2744 monuimus.

558 2865 595 2890 ¹¹¹
630 2858 798 2907 Recta
818 2863 900 2907 est
919 2857 1115 2921 Jaegeri
1139 2857 1204 2907 de
1229 2870 1363 2906 anno
1386 2870 1562 2907 emen·
1640 2858 1898 2910 Vaticano
1946 2859 2178 2911 studiose
2222 2859 2509 2928 distinguit.
2573 2858 2707 2912 Quis

491 2931 665 2982 dando
709 2933 1028 2995 conjectura,
1077 2949 1197 2984 cum
1242 2948 1376 2984 anno
1413 2938 1561 2983 1557.
1642 2948 1766 2983 vero
1799 2934 1966 2986 Vetus
1993 2937 2081 2986 ille
2106 2936 2222 2986 cod.
2252 2938 2337 2998 sit,
2370 2937 2496 2987 mibi
2519 2951 2621 2986 non
2645 2938 2709 2987 li-

493 3002 726 3074 mortuus
757 3012 825 3059 sit
859 3010 1238 3073 Schonhovius,
1262 3017 1400 3060 teste
1421 3011 1560 3060 Saxe

494 3088 763 3140 Onomast.
784 3095 922 3150 part.
940 3100 1032 3137 ιιι.
1052 3103 1104 3151 p.
1121 3091 1238 3142 264.
1260 3094 1456 3137 certum
1471 3102 1561 3137 ve-

493 3177 553 3212 ro
586 3170 667 3213 est
698 3164 1004 3218 variantium
1028 3163 1338 3228 farraginem
1362 3164 1564 3213 Schon-

491 3238 633 3289 hovii
673 3253 808 3304 esse,
848 3240 1104 3303 exceptis,
1136 3255 1275 3303 quae,
1312 3240 1563 3290 asterisco

492 3319 696 3377 notata,
731 3322 852 3364 sunt
893 3315 1189 3365 Pulmanni.
1254 3315 1322 3364 Id
1360 3316 1563 3366 indicat

493 3390 650 3440 litera
685 3392 771 3448 A„
806 3390 859 3439 in
895 3389 1000 3442 fine
1037 3390 1201 3446 libelli
1244 3391 1415 3442 verbis
1461 3391 1562 3442 iuis

494 3465 690 3526 addita,
718 3481 820 3530 qua
854 3465 1237 3518 Schonhovium
1270 3468 1565 3532 designavit

495 3539 836 3593 Pulmaunus.
903 3540 984 3592 Cf.
1023 3557 1138 3606 quae
1179 3542 1230 3591 in
1276 3543 1451 3606 capite
1488 3544 1562 3592 le-

494 3626 708 3684 guntur,
744 3620 906 3670 etiam
945 3617 1211 3682 descripta
1250 3618 1305 3668 in
1341 3625 1566 3682 paterna

494 3697 683 3746 Pacati
707 3696 792 3746 ed.
826 3711 880 3759 p.
906 3699 1018 3745 169.
1039 3696 1153 3759 ipsa
1176 3696 1312 3745 enim
1337 3696 1425 3745 illa
1447 3712 1563 3746 ver-

492 3772 563 3821 ba
598 3772 683 3821 ed.
717 3772 1060 3823 Frobenianae
1097 3772 1349 3836 adjecisse
1370 3773 1564 3823 Schon·

493 3849 724 3912 bovium,
749 3858 804 3896 et
827 3847 946 3896 inde
967 3848 1308 3899 Gualtherum
1332 3849 1565 3916 descrip-

496 3925 626 3974 sisse
651 3930 797 3986 puto.
829 3926 1004 3972 Arntz.

560 4008 587 4033 ¹²
623 3999 776 4048 Haud
833 3999 960 4050 satis
1016 3999 1243 4050 dilucide
1297 4001 1560 4065 Jaegerusz

497 4075 729 4125 Puteani
752 4076 891 4125 enim
922 4076 1171 4127 lectiones
1207 4093 1309 4126 non
1344 4086 1465 4128 sunt
1498 4094 1568 4129 ex

496 4153 607 4202 solo
640 4153 1057 4211 Vaticano,‘sed
1093 4155 1326 4218 inprimis
1359 4170 1424 4203 ex
1462 4155 1566 4205 alio

497 4229 615 4288 cod.
661 4244 816 4296 quem
858 4232 1104 4283 Veterem
1147 4229 1397 4295 appellat,
1440 4237 1494 4280 et
1535 4246 1568 4282 a

1643 3018 1788 3076 quet.
1854 3012 1917 3061 In
1943 3013 2078 3062 notis
2099 3013 2284 3076 passim
2307 3012 2485 3063 laudat
2509 3013 2709 3062 Putea-

1642 3101 1740 3137 nus
1784 3087 1903 3138 cod.
1946 3087 2208 3138 Pithoean.
2253 3088 2429 3149 Fabri,
2475 3100 2709 3138 nonuun-

1643 3178 1795 3228 quam
1820 3165 1976 3214 etiam
2002 3165 2298 3222 Pulmanni‚
2322 3173 2377 3216 et
2410 3164 2711 3227 Bongarsii.

1641 3240 1766 3290 vid.
1802 3240 1867 3291 ad
1905 3241 2105 3292 Incert.
2140 3242 2472 3291 Constantin-
2513 3254 2637 3290 xrx.
2659 3245 2710 3290 2.

1642 3331 1803 3380 quare
1858 3318 1912 3366 in
1964 3317 2343 3381 conjungendis
2387 3316 2711 3366 variantibus

1644 3406 1763 3442 cnm
1819 3392 1983 3457 ipsius
2039 3394 2194 3450 notis,
2220 3391 2225 3396 ’
2249 3398 2476 3456 quatuor
2526 3391 2710 3443 horum

1642 3468 1797 3518 codd.
1834 3475 2097 3532 tamqnam
2121 3468 2467 3533 diversorum,
2485 3468 2711 3518 mentio-

1644 3558 1760 3593 nem
1787 3534 1994 3608 retintii,
2017 3545 2267 3605 incertus,
2284 3553 2455 3593 utrum
2473 3559 2570 3608 per
2584 3545 2713 3596 Vet.

1646 3633 1803 3668 unum
1841 3633 1907 3669 ex
1945 3619 2112 3669 tribus
2148 3619 2526 3683 posterioribus
2559 3620 2712 3672 intel-

1648 3696 1856 3757 lexerit,
1880 3697 2042 3746 veluti
2078 3695 2217 3759 apud
2258 3697 2475 3746 Eumen.
2502 3712 2598 3763 pro
2622 3698 2714 3760 Inq

1647 3780 1806 3824 staur.
1830 3772 2002 3823 Schol.
2025 3785 2166 3823 xvu.
2189 3777 2239 3821 3.
2274 3771 2562 3822 Vaticanus
2589 3788 2713 3825 vero

1647 3849 1875 3901 Puteani
1920 3848 2059 3898 forte
2104 3846 2204 3897 fuit
2247 3862 2379 3898 unus
2422 3862 2488 3896 ex
2529 3849 2713 3915 tribus,

1645 3941 1774 3992 quos
1806 3924 1988 3974 habuit
2023 3923 2320 3987 Pater-clun,
2342 3923 2575 3989 quamvis
2604 3931 2715 3975 'tres

1645 4002 1750 4052 illae
1773 4001 2041 4060 lectiones,
2063 4014 2190 4064 quas
2220 4013 2284 4048 ex
2317 3999 2381 4049 iis
2411 4000 2713 4050 Patarolum

1647 4085 1856 4127 notasse
1898 4090 2057 4138 snpra
2103 4075 2294 4131 ruenni,
2342 4089 2411 4125 ex
2452 4077 2715 4132 Vaticano

1648 4153 1787 4220 apud
1812 4153 2105 4204 Puteanum
2121 4164 2231 4204 non
2256 4159 2458 4203 extent.
2481 4152 2642 4206 'Idem-
