3084 4959
518 814 1201 920 INCERTI
1285 817 2498 961 „PANEGYRICUS

588 1138 815 1215 CON
815 1137 1200 1217 STANTI
1207 1143 1277 1219 N
1284 1142 1362 1218 Ο
1425 1140 1937 1223 AUGUSTO
2005 1146 2470 1225 DICTUSae·

1075 1732 1448 1785 SYNoPsls
1496 1732 2005 1782 PANEGYRIOE.

433 1856 502 1916 Iu
528 1866 755 1920 Exordio
774 1882 1105 1921 accessurum
1129 1884 1187 1920 se
1208 1869 1272 1919 ad
1292 1870 1677 1935 Imperatorem
1695 1868 2013 1919 laudandum
2027 1873 2204 1931 negat,
2220 1865 2317 1917 nisi
2340 1865 2490 1916 nefas
2503 1862 2641 1915 essct

497 1947 569 2011 ei,
592 1963 745 2012 quem
766 1958 987 2015 propter
1008 1964 1093 2001 res
1116 1951 1335 2003 leviores
1355 1964 1500 2016 saepe
1524 1949 1814 2014 laudasset,
1836 1955 2058 2014 propter
2090 1952 2451 2012 recuperatum
2474 1947 2644 2010 impe·

500 2026 632 2077 rium
655 2043 757 2080 non
780 2031 1052 2094 gratulari·

431 2107 841 2161 Damnum-nox
898 2108 944 2162 1.
978 2112 1144 2164 Quam
1166 2110 1383 2163 fortiter
1416 2110 1792 2170 Constantinus
1816 2109 2063 2160 adversus
2096 2107 2425 2159 Maxentium
2448 2108 2641 2159 bellum

384 2219 391 2227 -
498 2190 805 2253 susceperit.
870 2191 949 2242 11.
982 2188 1152 2243 Quam
1175 2188 1407 2242 feliciter
1425 2190 1736 2242 confecerit.

432 2266 487 2325 Ι.
510 2268 682 2323 Pana.
718 2271 1154 2324 Dissuadentibus
1169 2272 1368 2331 amicis,
1385 2271 1632 2338 auspiciis
1655 2266 2070 2335 adversantibus,
2091 2271 2294 2335 imperii
2312 2269 2466 2321 sociis
2490 2282 2643 2334 paens

501 2346 920 2416 desperantibus,
933 2368 1049 2404 cum
1069 2361 1258 2418 quarta
1278 2359 1478 2407 tautum
1500 2351 1763 2405 exercitus
1787 2359 1939 2416 parts
1958 2350 2124 2417 Alpes
2145 2358 2519 2416 transgressus,
2541 2351 2647 2400 itu-

502 2443 589 2479 rus
613 2431 861 2483 adversus
882 2434 1056 2484 hostes
1087 2433 1250 2501 duplo
1291 2434 1485 2498 plures,
1506 2434 1898 2501 cataphractos,
1921 2438 1976 2482 et
2015 2447 2110 2497 pro
2130 2431 2421 2484 facinorum
2444 2433 2645 2483 consci-

503 2508 647 2561 entia
667 2526 927 2579 nunquam
952 2529 1207 2572 cessuros,
1229 2530 1346 2579 cap.
1369 2529 1433 2566 ιι.
1481 2515 1812 2566 Maxentium
1850 2515 2089 2575 Severus,
2111 2515 2373 2575 Galerius,
2395 2518 2452 2563 et
2472 2513 2646 2562 Maxi-

501 2592 703 2642 mianus
727 2594 899 2645 adorti
921 2603 1071 2646 erant
1090 2610 1208 2646 cum
1232 2595 1433 2660 ingenti
1458 2595 1717 2659 exercitu,
1737 2608 1914 2645 omnes
1937 2593 2234 2651 infeliciter,
2253 2609 2368 2658 cap.
2394 2607 2483 2642 m.
2535 2592 2647 2644 Sed

503 2687 599 2738 pro
630 2673 975 2725 Constantino
1000 2676 1215 2740 ,institia
1239 2677 1524 2741 pugnabat.
1592 2676 1765 2741 Hujus
1802 2677 2023 2725 virtutes
2060 2690 2177 2725 cum
2215 2674 2472 2726 Maxentii
2505 2675 2648 2724 vitiis

507 2754 869 2820 conferuntur,
890 2771 1009 2821 cap.
1034 2770 1115 2809 tv.

440 2834 521 2886 11.
555 2835 725 2885 Pans.
758 2835 1055 2902 Segusium‚
1077 2852 1124 2888 c.
1143 2851 1197 2888 v.
1248 2837 1590 2901 Taurinos,c.
1611 2852 1691 2888 vi.
1736 2835 2112 2893 Mediolanum,
2136 2850 2185 2885 c.
2209 2850 2314 2888 vn.
2368 2838 2648 2899 Veronam,

510 2931 629 2979 cap.
651 2931 780 2967 vm.
816 2917 1110 2982 Aquileiam
1128 2920 1293 2985 capit,
1317 2920 1406 2970 ubi
1431 2935 1495 2969 ex
1521 2919 1956 2984 pertinacioribus
1976 2918 2104 2967 alios
2129 2927 2298 2968 morte
2318 2917 2500 2993 afficit,
2523 2920 2650 2971 alios

441 3000 448 3005 ’
508 2997 697 3063 gladiis
720 2998 772 3048 in
796 2996 1004 3050 vincula
1023 3000 1236 3050 mutatis
1259 3000 1549 3064 constringi
1564 3000 1742 3064 jubet,
1764 3015 1882 3063 cap.
1905 3013 1988 3049 xl.
2022 2999 2180 3047 Victo
2204 2997 2268 3047 ad
2292 3000 2565 3061 septimum
2585 3001 2650 3051 ab

506 3079 636 3130 urbe
662 3077 877 3128 milliare
898 3078 1192 3136 Maxentio,
1216 3093 1381 3144 eoque
1403 3081 1546 3128 inter
1569 3078 1869 3143 fugiendum
1893 3092 1923 3126 e
1940 3078 2141 3128 Mulvio
2166 3084 2322 3141 ponte
2345 3078 2398 3129 in
2419 3079 2653 3132 Tiberim

508 3162 760 3224 collapso,
797 3175 918 3225 cap·
939 3174 1062 3210 xiv.
1096 3161 1265 3211 victor
1299 3167 1355 3211 et
1394 3160 1719 3224 triumphans
1755 3161 1806 3209 iu
1841 3159 2025 3212 urbem
2058 3159 2366 3224 ingreditur,
2384 3175 2502 3225 cap.
2527 3176 2655 3213 xix.

510 3245 679 3297 Quam
715 3243 974 3295 dissimilia
1010 3243 1218 3300 Cinnae,
1248 3242 1436 3300 Mario,
1473 3249 1529 3293 et
1566 3243 1751 3307 Syllae,
1768 3257 1890 3307 cap.
1915 3254 2015 3292 xx.
2081 3241 2252 3293 Quam
2276 3241 2509 3293 clemens
2527 3257 2656 3308 erga

509 3327 667 3389 cives,
690 3339 817 3389 erga
839 3325 1026 3374 milites
1061 3324 1250 3387 bonus,
1273 3338 1400 3389 quos
1439 3322 1773 3374 victoriarum
1795 3321 1960 3372 socios
1984 3320 2256 3372 habiturus
2278 3322 2329 3372 in
2354 3321 2656 3374 inferiorem

511 3406 844 3456 Germaniam
878 3420 1057 3456 secum
1091 3405 1326 3470 deducit,
1361 3418 1481 3470 cap.
1517 3416 1640 3455 ιιι.
1706 3402 2004 3454 Constantii
2037 3401 2255 3466 gloriam
2277 3410 2514 3467 superat,
2534 3418 2654 3466 cap.

447 3500 455 3516 ³
512 3498 673 3535 xxiv.
737 3485 826 3536 Ob
847 3498 965 3550 qua
989 3488 1159 3537 omnia
1179 3487 1528 3550 singularibus
1559 3500 1590 3536 a
1613 3492 1797 3535 senatu
1816 3482 2094 3535 bonoribus
2118 3474 2363 3541 donatur,-
2385 3490 2655 3547 cap-xxv.

448 3567 512 3617 In
537 3565 639 3621 fine
660 3565 847 3617 Jovem
869 3574 1120 3630 precatur
1133 3582 1229 3632 pro
1252 3568 1550 3619 aetcrnitate
1576 3565 1861 3631 Principia,
1881 3579 2000 3629 cap·
2024 3576 2190 3618 xxm«

452 3771 563 3838 CA
575 3791 632 3838 ι’.
663 3791 711 3838 1.
735 3776 802 3841 1.
826 3752 1079 3843 Unnn
1103 3778 1266 3844 mihi
1290 3786 1556 3846 tantum
1583 3778 2027 3856 confidentiae,
2044 3778 2496 3842 sacratissime
2519 3775 2659 3841 Im·

448 3881 747 3960 perator,
786 3882 862 3943 ut
887 3885 1049 3962 post
1079 3885 1182 3945 tot
1208 3880 1699 3946 disertissimos
1727 3879 2058 3958 hominm,
2088 3896 2262 3963 quos
2293 3884 2362 3944 et
2391 3879 2462 3942 in
2494 3880 2659 3944 urbe

1381 4029 1562 4064 “Of“
1567 4027 1750 4052 “00“

451 4109 911 4235 .ᾶὲρέἰέηὲἨῖ
943 4111 1101 4161 dictus
1141 4112 1266 4162 Divo
1292 4113 1606 4164 Constantino
1638 4113 1861 4176 Augusto
1897 4117 2030 4161 vett.
2067 4109 2221 4160 codd.
2257 4108 2398 4161 nullo
2433 4109 2660 4159 auctoris

516 4242 655 4291 Can.
681 4254 719 4293 1.
773 4245 793 4290 l
837 4242 1043 4296 Bertin.
1064 4256 1149 4309 ap.
1168 4242 1339 4295 Livin-
1372 4249 1428 4297 αι
1444 4247 1556 4310 post
1577 4249 1650 4296 tot
1671 4241 1879 4294 honum
1897 4240 2250 4294 disertissimos.
2301 4238 2451 4293 Idem
2473 4238 2663 4302 codex,
