3084 4959
499 367 677 436 1122
1273 384 1340 432 c.
1383 383 1454 431 c.
1498 378 1941 432 scnwAnzu

500 529 754 596 Omnia
782 526 963 594 enim
991 534 1134 594 tum
1164 527 1372 593 altius
1396 532 1593 592 erant
1620 524 1992 607 efferenda3
2034 542 2255 607 neque
2281 524 2491 590 verba
2518 522 2713 590 inve-

500 633 647 697 nire
674 629 1010 716 poterant,
1048 631 1297 715 quibus
1324 631 1499 695 satis
1531 634 1903 695 reverenter
1941 627 2027 692 de
2058 626 2442 692 Caesaribus
2470 626 2711 712 loque-

499 740 744 799 rentur.
855 733 1068 808 Hinc,
1128 732 1287 797 dum
1342 752 1563 797 novas
1623 750 1836 797 voces
1892 729 2288 795 adinvenire
2346 737 2715 814 coeperunt,

500 834 703 901 valde
728 835 1121 919 plerumque
1142 835 1322 918 lapsi
1353 833 1551 899 sunt?
1639 833 2030 918 Utcumque
2053 840 2285 896 tamen
2316 839 2447 910 est,
2478 832 2549 895 hi
2577 833 2713 916 ipsi

498 937 911 1021 Panegyrici
948 935 1471 1020 haudquaquam
1513 941 1673 1001 sunt
1709 934 2096 1019 spernendi,
2139 953 2295 1002 cum
2328 952 2459 998 nou
2489 933 2712 1000 solum

499 1036 824 1104 foecunda
875 1045 1408 1121 argumentorum
1457 1037 1864 1114 inventione,
1906 1042 1973 1100 et
2012 1037 2185 1101 miro
2232 1036 2714 1102 sententiarum

502 1142 816 1206 acumine
863 1141 1026 1206 artis
1066 1139 1384 1205 oratoriae
1430 1139 1807 1204 cultoribus
1855 1137 2178 1222 majorem
2218 1139 2292 1202 in
2332 1138 2604 1203 modum
2632 1155 2711 1202 se

502 1243 996 1321 commendent,
1029 1242 1153 1307 sed
1183 1243 1382 1308 etiam
1418 1243 1749 1319 historiae,
1783 1242 1857 1305 in
1900 1242 2179 1308 istorum
2219 1240 2494 1325 quidem
2543 1247 2709 1305 tem-

498 1365 747 1430 porum
776 1345 1086 1427 caligine,
1115 1344 1299 1410 haud
1343 1365 1576 1428 parum
1611 1344 1997 1410 inserviant.
2088 1343 2520 1429 Quapropter
2548 1361 2709 1426 ope-

498 1468 641 1513 ram
674 1468 864 1514 suam
896 1467 1028 1511 non
1064 1447 1239 1511 male
1271 1447 1608 1511 collocare
1634 1444 1961 1524 videntur,
1991 1446 2105 1529 qui
2137 1466 2286 1512 eam
2317 1444 2404 1510 ad
2434 1463 2711 1510 emacu-

498 1550 706 1615 landa
754 1555 820 1614 et
865 1548 1265 1615 illustranda
1314 1549 1435 1614 illa
1484 1550 1783 1632 antiquae
1828 1549 2233 1633 eloquentiae
2278 1555 2711 1613 monumenta

501 1652 868 1716 conferunt.
957 1650 1205 1734 Neque
1234 1651 1407 1715 enim
1445 1671 1671 1734 pauca
1702 1650 1939 1716 horum
1985 1652 2148 1716 loca
2190 1650 2413 1716 adhuc
2457 1650 2714 1715 cubant

499 1754 573 1816 in
608 1751 888 1829 mendis,
927 1757 996 1816 et
1040 1752 1233 1835 quasi
1281 1753 1576 1818 tenebris
1623 1753 2078 1818 obducuntur.
2165 1750 2325 1830 Quo
2365 1772 2494 1817 nec
2534 1751 2713 1817 adeo

500 1855 741 1920 mirum
772 1854 973 1919 nobis
1002 1873 1151 1919 esse
1180 1859 1432 1939 potest,
1463 1855 1524 1918 si
1578 1856 1980 1938 cogitemus,
2019 1873 2282 1938 paucos
2320 1835 2712 1932 admodum,

501 1957 621 2041 qui
649 1957 823 2023 istos
856 1957 1314 2041 Panegyricos
1353 1956 1646 2034 edidere,
1677 1956 1940 2021 idoneis
1979 1956 2304 2021 subsidiis
2347 1955 2563 2021 fuisse
2609 1956 2709 2020 in·

499 2065 816 2125 structos.
923 2058 1111 2138 Quin
1159 2065 1228 2124 et
1272 2057 1480 2124 hodie
1530 2058 1763 2123 horum
1813 2057 2383 2142 Panegyricorum
2429 2058 2710 2123 codices

497 2159 676 2226 Mss.
727 2160 947 2226 rarius
1000 2162 1453 2227 inveniuntur.
1543 2158 1746 2224 Certe
1794 2167 2041 2245 praeter
2086 2159 2392 2224 codicem
2443 2160 2706 2225 charta-

498 2281 716 2341 ceum,
747 2264 863 2348 qui
891 2284 978 2329 ex
1011 2262 1442 2329 Bibliotheca
1467 2260 1791 2328 Gudiana
1818 2261 2161 2327 redemtus
2187 2261 2608 2346 (quanquam
2639 2262 2708 2326 in

500 2366 812 2449 catalogo
843 2364 1163 2431 Gudiano
1197 2373 1520 2449 tanquam
1554 2364 1778 2429 codex
1808 2366 2363 2430 membranaceus
2402 2363 2708 2448 designe-

498 2470 635 2546 tur)
668 2467 736 2530 in
767 2474 1123 2550 augustam
1155 2467 1658 2533 Bibliothecam
1689 2466 2350 2551 Guelpherbytanam
2381 2467 2710 2550 pervenit,

502 2572 572 2634 et
622 2574 866 2651 praeter
918 2576 1248 2647 nostrum,
1304 2589 1503 2654 quem
1553 2587 1717 2633 mox
1764 2570 2457 2647 commemorabimuS,
2504 2569 2708 2634 alium

498 2669 826 2753 quendam
882 2670 953 2733 in
1019 2669 1409 2736 Germaniae
1469 2672 1583 2736 vel
1636 2669 1951 2737 Bataviae
2005 2670 2446 2736 Bibliothecis
2502 2670 2709 2736 hodie

499 2779 763 2850 extare,
794 2773 1160 2838 resciscere
1202 2773 1429 2853 nobis,
1478 2773 1793 2856 quamvis
1809 2769 2007 2842 omni
2049 2792 2214 2839 cura
2255 2772 2710 2894 investiganti·

498 2875 655 2955 bus,
681 2875 972 2941 necdum
1005 2875 1312 2957 contigit.

1561 3058 1666 3126 11.

568 3173 749 3254 Quae
778 3195 935 3243 vero
961 3175 1272 3244 subsidia
1300 3176 1387 3243 ad
1417 3178 1546 3244 hos
1570 3179 2030 3264 Panegyricos
2054 3177 2487 3246 illustrandos
2512 3180 2710 3246 nobis

499 3283 754 3361 praesto
798 3278 954 3357 sint,
991 3278 1238 3363 jamin
1273 3281 1802 3349 Praefationibus
1848 3284 2399 3349 observationum
2434 3283 2525 3348 ad
2568 3282 2705 3350 Pa,-

499 3381 891 3465 negyticum
922 3381 1126 3452 Plinii
1161 3384 1638 3452 iudicavimus.
1731 3386 2008 3454 Potiora
2038 3395 2264 3453 tamen
2296 3385 2499 3450 etiam
2530 3404 2714 3452 nunc

499 3503 847 3552 recensere
873 3486 1077 3551 lubet.
1165 3488 1469 3556 Primum
1501 3488 1763 3556 scilieet
1794 3489 2220 3571 possidemus
2248 3489 2568 3571 exiguum
2596 3505 2707 3553 co-

502 3585 724 3653 dicem
755 3586 894 3652 Ms.
924 3589 1552 3673 quadringentorum
1583 3590 1852 3662 circiter
1892 3609 2237 3671 annorum,
2284 3592 2451 3658 satis
2478 3589 2712 3669 nitide,

501 3689 816 3772 quamvis
845 3708 890 3756 a
918 3690 1068 3755 rudi
1098 3690 1394 3769 librario,
1416 3692 1785 3776 scriptum3
1819 3711 2022 3776 quem
2049 3693 2319 3777 quidam
2350 3711 2712 3776 possessor

474 3786 780 3872 ,ἀνώνυμος
826 3810 905 3856 se
953 3793 1321 3876 perlegisse
1368 3793 1480 3882 die
1534 3795 1641 3862 17.
1671 3793 1720 3859 J
1727 3795 1843 3862 ulii
1888 3814 1997 3860 an.
2036 3795 2233 3860 1454.
2281 3796 2354 3859 in
2392 3795 2708 3877 ligatura,

500 3893 713 3960 multo
743 3892 1014 3976 quidem
1044 3896 1405 3962 recentiore
1444 3915 1669 3976 manu,
1702 3916 1903 3980 quam
1939 3916 2098 3981 quae
2150 3898 2220 3961 in
2270 3897 2424 3979 ipso
2463 3895 2708 3962 codiee

504 4003 873 4078 comparet,
918 4000 1291 4070 annotavit,
1379 4001 1463 4066 In
1510 4000 1642 4065 hoc
1685 4000 1924 4066 codice
1971 4007 2221 4083 praeter
2271 3999 2504 4073 Plinii,
2531 3985 2711 4066 ‘alio-

501 4117 785 4183 rumque
827 4105 1088 4166 veteres
1134 4101 1624 4185 Panegyricos,
1657 4107 1893 4189 quarto
1921 4104 2077 4168 loco
2109 4101 2400 4168 occurrit
2424 4097 2710 4166 Mamer-

504 4199 626 4268 tini
674 4197 961 4268 Consulis
1010 4200 1388 4272 Gratiarum
1423 4205 1614 4271 Actio
1654 4204 1730 4272 de
1773 4227 1884 4271 suo
1920 4202 2270 4271 Consulatu
2313 4201 2484 4270 dicta
2532 4203 2712 4271 Divo,
