3084 4959
849 394 953 444 An
1005 393 1453 446 MAmsa‘rmr
1501 393 1652 444 eun
1665 393 1808 443 arn
1822 392 2143 445 nucum·
2416 377 2590 445 118⁷

381 560 562 620 nem,
618 540 1011 625 primarium
1074 541 1439 624 gigantum,
1500 540 1644 624 qui,
1714 547 2028 605 narrante
2090 537 2391 624 Hygino,
2448 539 2588 604 fab.

383 660 613 708 conn-
662 648 683 678 ‘
711 643 952 708 Jovem
985 643 1401 727 provocavit,
1434 644 1494 708 si
1536 644 1739 709 vellet
1787 662 2012 708 secum
2062 642 2148 706 de
2198 660 2397 724 regno
2448 658 2591 706 cer·

379 754 553 825 tare,
602 746 725 812 sed
774 745 972 829 cujus
1013 752 1257 830 pectus
1283 746 1561 829 Jupiter
1602 746 1875 810 fulmine
1915 744 2170 810 ardenti
2213 743 2590 828 percussit}

381 848 775 934 designatur
811 849 1092 933 quidam
1138 850 1419 932 insignis
1472 850 1713 928 hostis,
1755 850 1881 934 qui
1911 848 2374 923 Diocletiano,
2408 848 2589 931 ejus·

380 970 517 1035 que
548 953 852 1037 imperio,
881 952 1243 1017 insidiatus
1272 959 1413 1018 est:
1454 972 1712 1031 verum,
1739 952 1899 1037 quia
1927 969 2242 1015 nummus
2273 950 2593 1031 singulari

381 1056 701 1138 temporis
729 1055 982 1120 indicio
1024 1054 1427 1134 destituitur,
1473 1056 1631 1139 quis
1669 1055 1787 1119 ille
1812 1054 2038 1118 hostis
2066 1053 2286 1130 fuerit,
2316 1051 2592 1116 definire

378 1173 516 1219 non
557 1174 868 1239 possum.
957 1161 980 1191 ⁴
1013 1155 1377 1235 Forsitan‚'
1435 1158 1661 1240 inquit
1712 1155 2041 1239 Begerus,
2084 1161 2105 1190 ‘
2134 1155 2220 1218 de
2275 1154 2592 1220 Achilleo

379 1256 650 1323 devicto
695 1258 873 1324 hunc
916 1265 1149 1343 typum
1191 1259 1560 1343 intelligaS,
1593 1260 1710 1342 qui
1745 1259 1814 1323 in
1845 1259 2141 1341 AEgypto
2176 1257 2594 1340 majestatem
2694 1273 2708 1285 ·

379 1359 515 1425 sibi
543 1360 1012 1426 vindicaturus
1046 1362 1460 1429 Diocletiani
1505 1362 1713 1427 armis
1759 1360 2159 1442 succubuit3
2205 1378 2592 1444 quanquam

364 1470 453 1527 *et
480 1463 618 1531 alia
648 1462 804 1547 ejus
834 1464 968 1530 sint
994 1463 1228 1548 gesta.’

1420 1648 1562 1715 VI.

466 1765 609 1831 Sub
639 1766 746 1830 his
775 1766 1035 1832 duobus
1059 1766 1621 1849 ImperatoribuS,
1653 1766 2085 1833 Diocletiano
2114 1773 2183 1833 et
2221 1768 2593 1835 Maximia-

375 1886 489 1946 no,
528 1875 723 1933 tanta
768 1868 1096 1935 adversus
1124 1869 1557 1936 Christianos
1598 1871 1851 1936 exarsit
1895 1872 2304 1953 persecutio,
2334 1877 2405 1936 ut
2445 1873 2595 1955 ipse

379 1968 597 2035 Henr.
622 1969 1028 2037 Dodwellus
1079 1973 1148 2037 in
1199 1970 1491 2038 Dissert.
1523 1973 1935 2058 Cyprianica
1969 1988 2115 2036 ΧΠ.
2169 1974 2287 2038 ubi
2332 1974 2470 2055 egit
2509 1971 2594 2037 de

376 2076 400 2105 ‘
419 2072 771 2155 paucitate
804 2074 1269 2159 martyru'm,’§
1302 2090 1484 2138 va.
1512 2095 1642 2139 non
1674 2075 1971 2158 potuerit
1999 2094 2130 2140 non
2151 2076 2373 2153 fateri,
2397 2077 2594 2153 hanc,

374 2175 484 2240 uti
505 2175 805 2240 omnium
833 2176 1320 2260 longissimam,
1351 2178 1452 2242 ita
1478 2178 1685 2243 etiam
1715 2168 2189 2255 saevissimam,
2216 2184 2399 2241 certe
2423 2196 2594 2242 mar·
2640 2204 2649 2213 „

372 2279 597 2360 tyrum
642 2283 972 2361 proventu
1013 2279 1587 2362 copiosissimam,
1620 2278 1836 2342 fuisse
1865 2280 2440 2361 persecutionem:
2490 2280 2594 2343 in-

373 2377 465 2443 de
518 2379 724 2444 etiam
774 2379 1059 2461 factum,
1106 2389 1182 2448 ut
1218 2401 1419 2447 aeram
1450 2381 1864 2447 Diocletiani
1912 2382 2316 2447 recentiores
2364 2381 2595 2447 Graeci

374 2500 582 2546 aeram
615 2488 982 2566 martyrum
1027 2485 1464 2569 appellarint.
1537 2483 1764 2563 Quam
1802 2485 2346 2568 persecutionem
2375 2485 2590 2567 potis-

275 2634 282 2641 .
375 2584 622 2648 simum
670 2584 1006 2652 Eusebius
1047 2587 1236 2652 Hist.
1268 2586 1533 2652 Eccles.
1587 2586 1706 2651 lib.
1745 2603 1909 2649 vm.
1943 2593 2013 2651 et
2055 2586 2460 2651 Lactantius
2505 2583 2591 2650 de

377 2683 721 2752 Mortibus
755 2687 1293 2766 Persecutorum,
1323 2688 1848 2772 descripserunt.
1934 2687 1980 2752 J
1987 2707 2119 2765 am,
2153 2688 2371 2771 siquis
2402 2706 2591 2770 quae-

375 2792 501 2865 rat,
531 2805 639 2867 an,
669 2796 744 2855 et
772 2808 894 2855 cur
916 2803 1077 2870 non,
1103 2789 1554 2856 Mamertinus
1586 2791 1654 2854 in
1685 2790 1955 2854 duobus
1980 2790 2414 2874 Panegyricis
2446 2790 2592 2855 suis

373 2888 577 2955 etiam
626 2894 1000 2957 meminerit
1051 2893 1454 2977 hujusmodi·
1491 2893 1989 2977 persecutionis
2038 2888 2592 2970 Christianorum,

376 3006 536 3056 cum
594 2992 773 3071 inde,
832 3014 957 3079 pro
1016 3014 1143 3059 suo
1199 2996 1521 3070 instituto,
1578 2993 1852 3058 laudem
1912 2995 2187 3078 pietatis
2243 2993 2594 3076 utriusque

373 3091 814 3179 Imperatoris
863 3097 1186 3181 majorem
1237 3097 1306 3161 in
1359 3096 1634 3161 modum
1682 3114 1934 3177 augere
1982 3095 2363 3179 potuisset?
2453 3094 2594 3160 Sed

367 3196 776 3279 respondeo,
822 3219 973 3264 cum
1011 3200 1457 3265 Mamertinus
1496 3197 1860 3263 Orationes
1906 3216 2068 3262 suas
2117 3198 2286 3261 intra
2334 3198 2592 3281 priores

371 3297 677 3383 quinque
708 3321 919 3367 annos
949 3302 1217 3386 imperii
1259 3301 1769 3368 ’Diocletianiet
1813 3298 2228 3365 Maximiani
2258 3300 2591 3378 habuerit,

371 3419 528 3465 eum
559 3421 646 3466 ne
690 3406 992 3487 potuisse
1021 3405 1301 3489 quidem
1332 3404 1466 3469 hoc
1496 3409 1953 3485 argumentum
1982 3404 2343 3485 attingere3
2386 3423 2591 3487 prop-

369 3500 554 3569 t'erea
584 3506 785 3590 quod,
818 3515 995 3572 teste
1028 3508 1322 3573 Eusebio
1354 3523 1520 3570 vm.
1551 3506 1618 3570 1.
1659 3505 1921 3590 utrique
1963 3504 2413 3589 Imperatores
2456 3505 2589 3588 pri-

367 3608 503 3671 mis
534 3610 952 3691 temporibus
981 3628 1116 3674 non
1167 3609 1405 3693 parum
1432 3609 1746 3674 faverunt
1776 3606 2181 3672 Christianis
2207 3625 2227 3687 ς
2272 3606 2389 3670 ubi
2419 3606 2590 3670 indi-

368 3715 508 3787 cat,
570 3719 889 3792 quantam
943 3711 1224 3794 gloriam
1275 3719 1430 3777 ante
1479 3711 2042 3795 persecutionem,
2092 3728 2273 3774 anno
2320 3708 2589 3774 demum

370 3831 628 3881 eccm.
669 3815 942 3899 plenius
987 3816 1376 3893 excitatam,
1417 3815 1652 3895 religio
1685 3812 2066 3877 Christiana
2110 3812 2308 3876 suerit
2353 3832 2591 3877 conse-

368 3923 548 3983 cuta.
623 3916 822 3980 Unde
838 3917 1098 3981 Theod.
1129 3916 1503 3981 Ruinartus
1534 3917 1603 3980 in
1637 3914 2047 3981 Praefatione
2077 3915 2165 3979 ad
2191 3914 2375 3979 Acta
2405 3914 2589 3979 Mar-

367 4029 635 4104 tyrum:
682 4024 704 4054 ‘
735 4019 896 4085 Non
937 4023 1113 4086 imus
1149 4018 1438 4096 infitias,'
1472 4019 1712 4103 inquit,
1761 4023 1781 4053 ‘
1813 4018 2051 4102 primis
2085 4018 2488 4082 Diocletiani
2521 4027 2590 4083 et

368 4122 781 4189 Maximiani
826 4122 1239 4208 temporibus
1291 4120 1665 4188 Ecclesiam
1712 4121 1920 4186 nullis
1967 4120 2211 4208 edictis
2257 4121 2588 4202 agitatam

367 4216 600 4307 fuisse,
629 4216 935 4294 neotum
964 4223 1415 4305 ChristianoS,
1457 4226 1753 4292 maxime
1805 4227 1875 4291 in
1930 4224 2037 4290 his
2077 4223 2252 4289 locis
2299 4226 2418 4306 qui
2462 4225 2591 4289 sub
