3084 4959
561 355 736 425 1580

563 517 952 596 confundat,
994 521 1070 581 ut
1118 514 1390 601 parcior
1403 512 1426 553 f
1467 513 1833 589 tardiorve,
1878 519 2176 598 tempore
2222 533 2425 599 quem
2466 514 2759 582 modove

562 622 890 705 decipiaS.
975 619 1041 685 2.
1087 618 1267 699 Quis
1290 618 1549 684 debitor
1577 617 1983 684 verecundus
2010 618 2110 682 ita
2128 623 2430 683 mutuum
2453 618 2543 682 ad
2571 617 2753 683 diem

566 725 811 802 reddit,
839 729 919 788 ut
947 731 1044 803 tu,
1075 723 1256 807 quod
1285 722 1651 807 promittis,
1685 719 2057 805 appendis?
2102 740 2227 785 nec
2256 720 2552 803 imponi⁸
2594 737 2761 803 neg*

562 827 919 911 ligentibus
949 827 1321 891 arbitreris:
1366 824 1667 910 quotidie
1695 825 1762 889 in
1793 822 2120 889 beneficia
2148 830 2267 888 tua
2297 822 2671 907 quaerimus,
2690 830 2768 888 et

566 929 954 995 memoriam
996 928 1459 1007 convenimus,
1501 935 1594 1007 et,
1634 948 1717 992 ne
1756 914 2037 1010 siugulis
2074 926 2428 991 insidietur
2476 926 2764 1001 oblivio,

567 1051 722 1096 cum
770 1032 984 1096 altero
1029 1030 1320 1116 quisque
1365 1030 1822 1096 conferimus.⁹
1904 1030 1971 1094 3.
2016 1028 2242 1094 Unum
2289 1029 2583 1094 iuvenire
2624 1049 2763 1094 non

565 1152 959 1217 possumuS,
990 1135 1183 1218 cujus
1213 1154 1403 1219 spem
1433 1141 1637 1217 atque
1666 1134 2212 1218 expectationem
2239 1151 2375 1196 non
2407 1132 2631 1197 dicam
2656 1132 2762 1196 fe-

566 1237 841 1317 felleris«,
871 1238 1010 1317 sed,
1040 1257 1196 1323 quae
1223 1237 1580 1303 delicatior
1598 1237 1623 1277 l
1665 1244 1772 1303 est
1796 1234 1827 1274 ¹²
1866 1236 2155 1321 querela,
2179 1235 2547 1299 distuleris.
2635 1235 2766 1300 So-

566 1340 785 1407 lamne
821 1362 951 1421 me,
998 1341 1402 1425 Imperator,
1452 1341 1990 1406 benevolentiam
2031 1346 2216 1412 tuam
2254 1337 2476 1402 mirari
2514 1337 2766 1420 putas?

567 1449 641 1508 at
669 1463 795 1526 ego
822 1445 1024 1510 miror
1052 1445 1253 1509 etiam
1282 1444 1714 1509 memoriam:
1758 1463 1916 1509 nam
1955 1443 2069 1509 cui
2102 1441 2491 1517 Hortensio,
2519 1439 2765 1504 Lucul-

563 1544 764 1621 Ιωτει,ἰ
804 1548 916 1612 vel
971 1545 1227 1612 Caesari
1271 1553 1411 1611 tam
1457 1551 1697 1631 parata
1754 1565 2052 1631 unquam
2111 1543 2302 1609 affuit
2355 1542 2767 1620 recordatio,

567 1663 773 1732 quam
802 1650 925 1715 tibi
955 1643 1148 1714 sacra
1176 1669 1364 1713 mens
1391 1654 1511 1714 tua
1550 1650 1705 1715 loco
1743 1654 2236 1731 momentoque,
2276 1664 2416 1730 quo
2444 1644 2763 1728 Jusseris‘,

564 1752 782 1818 reddit
822 1772 1020 1817 omne
1064 1752 1441 1837 depositum
1462 1752 1494 1814 'l
1542 1762 1760 1818 utrum
1797 1760 1865 1817 te
1910 1745 2164 1817 tamenj
2208 1749 2359 1833 ipse
2387 1747 2709 1812 admones
2731 1747 2766 1810 ‘l

567 1855 635 1920 4.
676 1851 788 1918 Au
811 1859 888 1919 ut
913 1854 1014 1920 illi
1040 1853 1428 1938 majestatis
1455 1861 1594 1920 tuae
1623 1853 1961 1939 participi,
1993 1846 2194 1930 Deo,¹‘
2237 1851 2531 1916 feruutur
2549 1849 2767 1916 assis·-

570 1963 716 2022 tere
756 1956 900 2023 fata
937 1976 1095 2022 cum
1132 1956 1430 2038 tabulis;
1472 1957 1579 2023 sic
1617 1957 1744 2024 tibi
1772 1958 2002 2042 aliqua
2024 1955 2131 2021 vis
2159 1954 2390 2020 divina
2415 1952 2767 2030 subservit,

1352 368 1627 420 LATINI
1675 366 1958 419 vacam

571 2177 584 2186 .
637 2150 661 2188 ι
693 2141 943 2207 Beneficia
974 2146 1060 2191 tua
1081 2123 1257 2192 ‘animo
1297 2146 1635 2206 computamus,
1666 2148 1715 2193 et
1747 2140 1972 2191 memoria
2001 2140 2276 2205 repetimus,
2305 2154 2361 2189 ac
2403 2154 2462 2192 nc
2503 2138 2610 2205 quis
2639 2139 2771 2189 ullsrs

576 2221 737 2258 eorum
760 2207 1085 2271 obliviscatur,
1103 2209 1232 2259 inter
1251 2222 1338 2258 nos
1354 2208 1412 2257 de
1433 2208 1496 2257 iis
1516 2208 1651 2272 quasi
1672 2223 1728 2259 ea
1747 2211 2071 2271 comparantes
2091 2204 2414 2269 colloquimur.

634 2279 659 2305 ¹·
689 2273 1047 2336 tangentum.

1491 2351 1848 2374 ‘Omne‘

572 2449 681 2504 dal.
705 2455 862 2501 tomen
880 2450 1013 2501 dicas
1031 2450 1198 2501 codex
1221 2449 1444 2501 Livineii
1465 2457 1521 2499 et
1538 2450 1662 2500 Vet.
1683 2449 1908 2502 Putean.
1927 2456 1982 2500 ut
2000 2449 2192 2515 paucior
2213 2411 2452 2499 tardiorve
2473 2407 2772 2510 &uelpho-'-

569 2520 607 2566 2
642 2515 788 2566 Idem
825 2516 1009 2578 codex,
1043 2518 1188 2570 conde
1221 2517 1274 2565 in
1311 2515 1646 2581 benefidae-8
1681 2516 1804 2564 Vet.
1840 2517 2065 2566 Putean.
2088 2515 2200 2575 suit
2233 2514 2530 2572 recordatio,·
2563 2513 2685 2562 Vat.
2706 2519 2774 2561 nt

572 2582 755 2646 vnlgg.
773 2581 922 2647 affuit
937 2581 1221 2633 recordatio.
1254 2581 1404 2640 Mox,
1414 2581 1538 2633 Vet.
1550 2581 1779 2632 Putean.
1793 2588 1956 2633 amm
1974 2587 2132 2633 autem
2150 2581 2251 2646 ipse
2271 2582 2319 2630 ta
2330 2596 2353 2640 ,-
2384 2581 2508 2630 Vat.
2528 2583 2774 2629 tanes.—

1566 2711 1781 2763 NOTAE

639 2812 660 2848 ἲ
692 2813 761 2864 Ut
793 2809 1009 2876 parcior]
1045 2810 1134 2861 Ita
1164 2821 1226 2861 ut
1261 2810 1417 2861 alicui
1451 2818 1542 2861 aut
1577 2811 1631 2861 id
1713 2809 1832 2860 dem
1872 2815 1929 2860 et
1966 2809 2019 2859 in
2061 2809 2231 2860 Bruto
2272 2823 2322 2859 c.
2357 2812 2440 2859 88.
2505 2808 2773 2858 Caesarem

572 2904 676 2943 non
697 2889 789 2939 des
810 2888 948 2954 quod
981 2887 1281 2953 promisisti,
1303 2894 1394 2937 aut
1415 2902 1515 2938 nou
1538 2887 1633 2937 des
1714 2900 1838 2935 vero
1861 2885 2022 2935 tradit
2041 2884 2243 2935 Plinius
2268 2899 2369 2934 vu.
2392 2888 2475 2936 25.
2498 2887 2514 2914 ‘
2539 2885 2774 2934 scribere

574 2984 639 3021 eo
674 2977 908 3033 tempore
942 2981 1045 3033 quo
1074 2966 1315 3047 daturum
1349 2971 1404 3017 te
1444 2967 1633 3032 promi·
1713 2967 1768 3010 et
1790 2960 1967 3025 legere
1990 2961 2158 3025 simul,
2181 2960 2384 3011 dictare
2405 2969 2459 3011 et
2482 2960 2663 3011 audire
2688 2976 2775 3011 so·

570 3046 707 3097 sisti.
1083 3091 1091 3100 ,

637 3129 665 3167 s
699 3122 808 3171 Nec
825 3117 1024 3184 imponi]
1054 3118 1145 3169 Sic
1168 3119 1281 3184 agis
1300 3133 1417 3169 cum
1440 3118 1502 3169 iis
1523 3117 1634 3182 qui·

573 3200 672 3250 bus
689 3199 987 3263 promisisti,
1005 3198 1154 3263 qnasi
1171 3197 1437 3249 existimes
1456 3210 1546 3247 eos
1561 3196 1636 3246 ita

576 3275 858 3339 diligenter
924 3274 1206 3324 observare
1266 3274 1634 3338 promissorum

575 3351 782 3403 modam
815 3351 1232 3416 tempusque,'ut
1264 3349 1420 3401 facile
1460 3349 1636 3415 decipi

574 3442 680 3480 non
705 3427 924 3490 possint.

639 3503 949 3556 ”Delicatior
967 3502 1066 3567 est]
1082 3501 1458 3553 Delicatiorem
1477 3507 1634 3552 vocat

575 3582 747 3644 dilati,
778 3596 932 3646 quam
956 3595 1053 3629 non
1078 3579 1187 3631 dati
1209 3579 1413 3630 omnino
1437 3578 1632 3629 benefi-

576 3660 645 3712 cii
690 3660 986 3725 querelam;
1030 3659 1151 3724 quia
1187 3658 1439 3722 promissa
1475 3656 1634 3707 dene·

576 3749 703 3802 gare
724 3735 943 3786 hominis
966 3742 1046 3785 est
1065 3734 1253 3785 nullius
1268 3733 1427 3795 fldei3
1458 3731 1635 3783 differ·

575 3828 637 3865 re
673 3828 819 3874 vero,
845 3813 1178 3878 negligentiae
1217 3812 1485 3876 enjusdam
1518 3827 1635 3877 quae

571 3889 900 3950 inhominem
923 3889 1153 3955 quemvis
1170 3888 1361 3940 cadere
1382 3902 1537 3953 posse
1562 3888 1635 3939 vi·

577 3967 781 4018 deatur.

640 4043 658 4078 ¹
688 4042 965 4102 Hortensio,
985 4042 1257 4108 Lucullove]
1281 4043 1636 4093 Proestantem

417 4179 424 4186 ‚
491 4149 528 4208 f
564 4121 726 4186 liujus
748 4121 1046 4172 memoriam
1079 4118 1404 4170 commendat
1432 4119 1632 4169 Tullius

576 4198 788 4249 Tuscul.
812 4198 904 4248 lib.
926 4211 969 4247 ι.
988 4201 1045 4247 et
1065 4204 1297 4247 extremo
1318 4194 1385 4245 de
1409 4193 1636 4245 Oratore

575 4275 672 4332 lib.
693 4287 784 4328 111.
805 4274 894 4328 ubi
915 4280 971 4327 et
988 4272 1260 4329 Hortensii
1278 4271 1532 4339 meminit,
1552 4270 1637 4324 iti-

1713 3037 1879 3095 litum,
1898 3038 2145 3103 epistolas
2164 3052 2286 3088 vero
2310 3045 2569 3088 tantarum
2593 3053 2771 3090 rerum

1714 3122 1991 3178 quaternas
2025 3115 2225 3178 pariter
2263 3114 2489 3165 librariis
2531 3114 2771 3177 dictarag

1716 3198 1807 3241 aut
1841 3191 1885 3241 si
1923 3191 2050 3241 nihil
2091 3192 2227 3241 aliud
2258 3198 2458 3256 ageret,
2491 3192 2773 3255 septenas?

1714 3268 1800 3317 De
1836 3267 1950 3317 aliis
1975 3267 2271 3331 proestantis
2301 3267 2563 3318 memoriae
2594 3282 2773 3318 exem-

1715 3346 1814 3410 plis
1838 3361 1868 3395 s
1891 3345 2040 3396 nobis
2064 3360 2222 3408 supra
2244 3346 2437 3395 dictum
2462 3353 2554 3395 est.

1773 3421 1792 3467 l
1832 3423 2004 3473 Utrum
2026 3427 2073 3473 tc
2091 3421 2273 3485 tama]
2305 3421 2410 3472 Alii
2430 3426 2590 3471 atrum
2608 3426 2777 3472 autem

1712 3501 1814 3567 ipse
1837 3506 1904 3550 te.

1777 3575 1803 3614 Β
1834 3576 1965 3641 Deo]
1997 3577 2185 3627 Utrum
2207 3590 2332 3627 vero
2365 3577 2480 3633 Deo
2512 3590 2577 3626 sn
2605 3575 2775 3627 Jovi?

1713 3655 1922 3705 Etenim
1945 3667 2013 3703 an
2032 3654 2260 3706 Pacatus
2276 3652 2594 3702 Christianus
2608 3648 2779 3701 fuerit

1713 3731 2093 3781 incertum-est.
2131 3728 2256 3780 Jovi
2281 3734 2452 3779 autem
2474 3726 2776 3778 Martianus

1718 3810 1932 3874 Capella
1964 3810 2056 3860 lib.
2076 3822 2117 3859 1.
2149 3809 2166 3837 ‘
2190 3809 2390 3860 Parcas
2428 3821 2675 3871 superum
2713 3807 2777 3856 li-

1713 3887 1912 3939 brarias
1934 3888 2169 3938 assistere
2190 3884 2206 3908 '
2241 3887 2337 3947 ait,
2369 3886 2388 3915 ‘
2411 3893 2465 3935 et
2488 3885 2639 3937 Jovis
2655 3898 2776 3935 scn-

1716 3964 1906 4015 tentias
1926 3961 2205 4028 excipere.’
2268 3961 2420 4015 Quod
2450 3970 2507 4012 et
2524 3963 2655 4012 scite
2678 3975 2773 4012 suo

1713 4056 1858 4092 more
1880 4040 2321 4091 referthoisnu·
2343 4041 2481 4092 Disl.
2503 4041 2663 4092 Deor.
2689 4055 2776 4093 ιι.

1712 4118 1898 4170 Poeta
1935 4118 2110 4169 Graeci
2147 4124 2204 4168 et
2234 4118 2567 4184 mythologici
2593 4118 2781 4171 dicunt

1714 4196 1912 4249 Parcas
1933 4212 2044 4249 esse
2065 4195 2263 4248 scribas
2281 4195 2449 4253 Jovis.
