3084 4959
507 364 684 432 1204

509 546 698 611 arum
738 531 1108 593 vestrarum
1146 527 1384 593 laetitia
1422 532 1825 592 remoratur.
1898 524 1965 590 2.
2009 525 2216 590 Illum
2255 523 2460 590 modo
2491 523 2725 611 Syria⁸

508 631 790 707 viderat,
820 630 966 714 jam
1014 629 1371 695 Pannonia
1415 633 1831 713 susceperat.
1917 629 2023 694 Tu
2068 627 2274 692 modo
2316 627 2567 694 Galliae
2598 649 2723 714 op-

507 732 670 818 pida
706 728 1226 808 illustraveraS,‘¹
1260 731 1409 819 jam
1449 750 1749 798 summas
1789 748 1987 795 arces
2024 729 2333 795 Monoeci
2365 730 2724 797 Herculise

504 833 924 918 praeteribas.
1012 833 1238 899 Ambo
1281 853 1431 899 cum
1475 833 1563 898 ad
1603 832 1950 897 Orientem
1991 831 2567 920 Occidentemque
2605 852 2723 899 oc-

508 937 739 1020 cupati
782 937 1204 1019 putaremini,
1237 941 1517 1019 repente
1559 935 1632 1000 in
1665 934 1892 999 medio
1925 929 2190 999 Italiaef
2220 935 2478 1015 gremio
2507 953 2719 1019 appa·

505 1038 760 1103 ruistis.
852 1037 917 1101 3.
967 1037 1123 1102 Hos
1164 1037 1422 1102 fructus
1452 1038 1706 1121 capitis
1739 1055 2018 1120 operum
2048 1037 2516 1102 maximorum.
2604 1037 2719 1103 Sic

503 1140 766 1205 interim
794 1140 1179 1204 meritorum
1211 1139 1629 1204 conscientia
1652 1138 2129 1222 triumphatiS,⁸
2158 1139 2316 1205 dum
2343 1139 2719 1223 triumphos

502 1242 696 1327 ipsos
726 1263 988 1327 semper
1014 1242 1351 1308 vincendo
1383 1241 1687 1320 differtis,
1710 1243 1915 1326 quod,
1938 1258 2388 1327 quaecumque
2412 1242 2718 1326 pulcher-

1063 380 1233 430 MAM
1247 380 1512 430 ssthttt
1563 379 2153 431 GENETHMAGUS

502 1346 671 1410 rima
714 1345 966 1422 facitis,
1009 1345 1330 1410 continuo
1371 1343 1705 1419 transitis,
1747 1347 1814 1408 et
1853 1343 1941 1409 ad
1987 1346 2248 1429 majora
2289 1344 2719 1428 properatis:
2815 1368 2823 1375 ·

503 1453 598 1526 ut,
627 1448 786 1513 dum
828 1448 1118 1531 vestigia
1157 1451 1385 1513 vestra
1424 1447 1766 1525 miramur,
1795 1445 2092 1529 dumque
2134 1465 2264 1512 vos
2302 1446 2522 1512 adhuc
2563 1465 2717 1512 esse

1421 1627 1791 1651 OOOOO‘OO‘NO

502 1729 815 1780 victoriarum
849 1733 1155 1788 nostrarum3
1188 1730 1311 1779 Vet.
1348 1730 1474 1779 Pnt.
1494 1732 1623 1784 Vet.
1656 1732 1862 1782 Bertiu.
1885 1731 2016 1780 Exc.
2051 1731 2215 1796 Laug.
2253 1731 2384 1781 Exc.
2424 1730 2716 1782 SchoulroV.

505 1795 722 1858 Cuspin.
745 1795 901 1846 Grut.
932 1802 986 1844 et
1020 1803 1240 1843 receutt.
1275 1795 1585 1846 victoriarum
1620 1800 2006 1846 vestrarum—2
2027 1796 2042 1823 ‘
2070 1796 2329 1846 Livineius
2353 1795 2597 1858 conjecit,
2623 1812 2718 1861 pro

502 1865 789 1923 susceperat,
809 1858 945 1909 forte
969 1860 1244 1923 legendum
1270 1861 1553 1924 suscipiebat
1572 1877 1592 1920 ‚-
1624 1870 1679 1911 et
1697 1868 1842 1912 certe
1868 1861 1942 1910 sic
1961 1863 2170 1910 verbum
2196 1860 2494 1924 imperfecti
2516 1867 2723 1927 tempo-

504 1926 576 1974 ris
600 1925 883 1975 convenire
905 1925 1172 1975 videretur
1191 1939 1306 1981 cum
1332 1927 1573 1990 sequenti
1600 1927 1780 1991 verbo,
1797 1926 2093 1990 preter-ibas.
2127 1927 2228 1976 Sed
2248 1926 2368 1975 huic
2393 1927 2714 1989 conjectura

503 1991 674 2040 nullus
698 1990 831 2039 liber
853 1989 1069 2049 addicit,
1102 2004 1271 2054 neque
1296 1992 1580 2041 necessitas
1606 1992 1776 2054 aliqua
1800 1992 2076 2041 mutationi
2102 1992 2449 2054 astipulatur!
2473 1993 2716 2044 Schmun-z.

501 2055 691 2108 Meneti
712 2054 941 2105 Herculis
960 2055 1184 2119 Guelph.
1213 2057 1512 2117 per-terrebas
1533 2058 1698 2107 codex
1713 2057 2005 2107 Sclrwarzii.
2041 2057 2165 2105 Vet.
2188 2058 2388 2106 Bertin.
2405 2057 2717 2107 Vet.Livin.

501 2129 557 2171 et
580 2120 696 2169 cod.
722 2121 983 2171 Scliwarz.
1014 2121 1233 2182 occupari
1244 2136 1264 2178 ‚·
1299 2120 1527 2182 Guelph.
1556 2136 1672 2170 cum
1706 2122 1852 2183 libris
1875 2122 2051 2178 editis,
2073 2122 2304 2184 occupati.
2369 2124 2384 2150 ‘
2403 2121 2717 2172 Utrumlibet

502 2186 663 2248 eligas
678 2185 1139 2251 lectionem,·parvi
1160 2184 1359 2234 refert.'
1372 2186 1711 2236 Seleucum—3
1735 2189 1751 2215 ‘
1770 2187 2060 2236 Mer-iturum
2079 2186 2534 2250 conscientia]i·1aec
2552 2188 2713 2237 lectio
2744 2224 2750 2234 .

463 2290 474 2296 -
491 2251 605 2314 jam
632 2250 680 2298 in
718 2250 917 2315 aliquot
951 2252 1092 2299 libris
1122 2251 1327 2301 excusis
1363 2252 1570 2313 prodita
1602 2259 1696 2305 est.
1720 2259 1775 2300 et
1800 2266 1935 2300 nuuc
1968 2252 2204 2300 codicum
2242 2252 2369 2300 Mss.
2404 2253 2715 2301 atteteritate

502 2316 781 2377 stabilitur,
795 2328 911 2366 cum
931 2315 1250 2381 antiquiores
1268 2315 1523 2366 editiones
1539 2316 1811 2382 inquinate
1833 2317 2111 2382 haberent,
2125 2316 2370 2366 meritoria
2392 2316 2720 2369 couscientia?

1503 2465 1718 2516 NOTAE

500 2590 603 2626 non
627 2575 795 2627 libido
816 2576 882 2627 ad
909 2577 1248 2641 voluptatem,
1276 2593 1378 2629 uon
1411 2594 1567 2628 amoe-

499 2654 637 2704 nitas
666 2653 729 2703 ad
755 2653 1179 2715 delectationem,
1202 2656 1301 2704 n'ou
1326 2656 1569 2704 nobilitas

1650 2578 1816 2645 gyrici
1860 2579 2097 2644 proxime
2142 2578 2439 2643 superioris,
2482 2592 2598 2642 cap.
2635 2581 2716 2629 14.

1648 2657 1795 2708 ‘Has
1831 2658 2124 2722 provincias
2162 2665 2277 2710 tuas
2311 2654 2618 2721 frequenter
2652 2655 2715 2704 il-

1648 2732 1880 2784 lustres!

1713 2815 1738 2841 θ
1757 2809 1924 2860 *Arses
1948 2810 2152 2859 Mouoecs'
2179 2806 2431 2872 Herculis]
2467 2808 2712 2867 Monaco,

1650 2897 1740 2933 seu
1781 2885 2084 2949 Mourgues,
2121 2884 2465 2948 principatus,
2503 2896 2616 2949 arx,
2657 2892 2715 2935 et

1649 2967 1832 3023 portus
1872 2961 1922 3009 in
1963 2975 2055 3009 ora
2091 2960 2351 3023 maritima
2391 2960 2615 3023 Liguriae
2652 2963 2712 3011 de

1646 3037 1695 3086 la
1727 3035 1831 3086 cote
1850 3052 1911 3095 ομ
1932 3037 2109 3087 ηὐἰὲνε
2139 3037 2197 3087 de
2225 3036 2431 3087 Gennes-
2500 3036 2714 3087 Dicitur

498 2730 644 2780 urbis
685 2731 749 2780 ad
790 2731 1159 2797 cognitionem,
1197 2746 1299 2782 non
1339 2732 1568 2798 denique

498 2806 646 2856 labor
669 2808 779 2871 ipse
802 2807 867 2857 ad
893 2806 1157 2871 quietem-⁹

562 2891 586 2917 ⁰
623 2883 765 2932 Illum
784 2884 918 2931 nwdo
938 2882 1108 2947 Syria]
1142 2882 1245 2933 Ubi
1280 2883 1568 2934 Diocletia-

495 2972 594 3008 nus
617 2959 865 3009 adversus
892 2960 1148 3009 Narseum
1184 2961 1461 3011 Persarum
1485 2975 1566 3010 re-

500 3047 639 3096 gem,
661 3049 777 3084 cum
801 3035 1098 3099 Saracenis,
1125 3042 1181 3086 et
1203 3037 1414 3086 Parthis
1450 3038 1566 3095 Me·
1587 3025 1594 3031 ’

498 3111 802 3173 sopotamiae
840 3119 995 3174 atque
1025 3110 1285 3162 Armeniae
1309 3111 1563 3171 finitimis,

497 3186 739 3235 Romanis
757 3186 1038 3249 provinciis
1055 3187 1425 3246 imminentem,
1442 3203 1563 3252 pro·

495 3275 702 3325 gressus
725 3276 841 3311 cum
877 3264 1131 3318 exercitu,
1155 3277 1215 3313 ac
1237 3265 1387 3314 victis
1411 3267 1562 3314 Sara-

496 3340 658 3394 cenis,
691 3338 1002 3403 Parthis‘que
1035 3340 1171 3388 ultra
1205 3340 1407 3404 Tigrim
1441 3356 1560 3404 pro-

496 3414 676 3478 pulsis,
700 3415 957 3464 Narseum
982 3415 1152 3477 ipsum
1189 3414 1254 3464 ad
1281 3416 1560 3479 petendam

496 3506 615 3541 cum
639 3490 935 3541 muneribus
959 3505 1142 3554 pacem
1172 3491 1383 3555 adegit:
1417 3508 1564 3542 mox·

498 3584 599 3634 que
624 3570 889 3620 Sarmatas
912 3570 1137 3633 trajecto
1162 3569 1304 3623 Istro
1336 3561 1560 3620 in'Pan-

495 3647 701 3697 uoniam
727 3645 917 3696 effusos
940 3645 1268 3710 compressit.

559 3721 585 3757 ἅ
638 3724 818 3772 Gallia·
871 3725 1041 3788 oppida
1093 3723 1443 3787 illustr-averes]
1496 3723 1562 3773 Id

494 3805 599 3861 est,
615 3799 703 3849 vix
721 3800 1068 3864 Bagaudicam
1091 3800 1399 3851 seditionem
1425 3814 1563 3850 com-

493 3891 783 3942 presseras.
836 3878 1017 3927 Simile
1041 3893 1163 3928 vero
1187 3885 1268 3926 est
1293 3877 1419 3927 illud
1440 3878 1563 3927 Tul-

493 3953 550 4002 lii
590 3967 685 4016 pro
723 3953 982 4003 Marcello
1021 3967 1140 4017 cap.
1173 3959 1225 4003 5.
1254 3953 1399 4003 ‘Nec
1436 3966 1564 4001 vero

492 4029 924 4093 disjunctissimas
964 4036 1134 4080 terras
1176 4029 1335 4079 citius
1391 4029 1563 4093 cujus-

493 4102 645 4170 qu'am
705 4104 943 4169 passibus
1000 4106 1226 4168 potuisse
1278 4106 1563 4170 peragrari,

494 4196 645 4246 quam
686 4180 789 4231 tuis
827 4194 927 4229 non
965 4179 1133 4230 dicam
1172 4181 1430 4242 cursibus,
1468 4179 1561 4230 sed

493 4258 726 4309 victoriis
769 4258 1038 4309 illustratae
1072 4257 1231 4309 sunt.’
1291 4248 1562 4309 EfPane-

1645 3111 1875 3162 Herculis
1895 3112 2108 3161 Monoeci
2133 3117 2321 3174 portus,
2345 3111 2481 3176 quod
2505 3111 2711 3163 Hereu-

1645 3188 1719 3238 les
1764 3188 1923 3252 pulsis
1964 3189 2257 3252 hospitibus
2297 3195 2390 3238 aut
2444 3189 2583 3238 solus
2636 3187 2712 3237 ibi

1646 3265 1898 3328 regnarit,
1917 3273 2004 3314 aut
2028 3265 2168 3313 solus
2190 3264 2396 3328 privato
2431 3265 2481 3313 in
2513 3265 2711 3327 templo

1645 3341 1817 3390 cultus
1840 3339 2003 3390 fuerit
2025 3355 2040 3389 z
2077 3356 2106 3389 a
2127 3337 2288 3403 μόνος,
2308 3341 2452 3398 solus,
2476 3345 2529 3388 et
2549 3333 2724 3396 oa’xfiv,

1641 3417 1880 3468 habitans.
1932 3418 2047 3467 AEu.
2092 3416 2171 3468 vt.
2215 3420 2331 3466 829.
2387 3411 2711 3480 ‘Aggeribus'

1644 3500 1795 3542 sacer!
1817 3493 2027 3556 Alpinis
2052 3500 2207 3556 atque
2231 3506 2352 3540 arce
2377 3491 2644 3541 Monoeci-⁹
2710 3528 2723 3541 >

1709 3567 1730 3602 ἴ
1746 3569 1808 3618 [ιι
1826 3569 1982 3619 media
2001 3567 2190 3630 Italia]
2208 3567 2507 3625 Mediolani,
2522 3581 2623 3633 quo
2640 3567 2711 3617 ad

1644 3645 1956 3697 seditionum
1992 3659 2171 3694 causas
2207 3645 2478 3706 tollendas,
2513 3644 2721 3708 θῆραι-ι

1643 3722 1840 3787 dosque
1855 3723 2091 3772 Caesares
2112 3727 2467 3770 couvenerant
2484 3718 2717 3785 impera··
2773 3741 2786 3754 ·

1647 3806 1805 3856 tores,
1830 3806 1887 3849 ut
1908 3812 2062 3861 supra
2087 3797 2302 3847 dictum.

1709 3883 1737 3920 ⁸
1771 3873 2120 3938 Triumphatis]
2165 3868 2533 3924 Diocletianus
2574 3872 2708 3923 Per-

1645 3968 1746 4011 sas,
1770 3953 2121 4003 Maximianus
2144 3952 2195 4000 in
2226 3951 2399 4002 Gallia
2428 3950 2708 4014 Bagaudss

1643 4023 1956 4092 prostrat-at.
2034 4027 2242 4077 Neuter
2296 4032 2470 4076 tamen
2528 4026 2710 4076 trium·

1643 4107 1800 4170 phum
1841 4101 2007 4169 qnem'
2042 4112 2303 4154 meruerat
2346 4103 2582 4168 accipere
2619 4117 2705 4152 vo-

1642 4181 1769 4246 luit,
1796 4182 1966 4232 donec
2000 4181 2296 4232 exorientes
2330 4195 2492 4232 novos
2531 4186 2705 4231 motus

1642 4259 2055 4323 compressisset.
