3084 4959
459 4316 504 4337 -ἒ

509 323 685 392 1424
1148 308 1464 388 monn'rr
1517 326 1664 387 PKN
1679 337 2059 389 sermons

514 487 771 553 sidione
810 484 1123 551 differret.
1211 482 1489 569 Quippe
1520 485 1699 549 omni
1727 481 1985 561 Africa,
2019 503 2221 567 quam
2252 483 2473 550 delere
2505 488 2714 551 statu-

512 596 675 668 erat,
714 587 1104 666 exhausta,¹'
1147 583 1457 652 omnibus
1501 586 1788 651 insulis0
1835 587 2219 664 exinanitis,
2263 586 2508 653 infiniti
2552 594 2716 653 tem·-

513 691 704 777 poris
748 710 1077 756 annonam
1130 696 1588 770 congesserat.
1672 689 1740 754 2.
1787 689 1927 754 Sed
1972 690 2204 755 divina
2248 709 2462 767 mensi,
2504 697 2573 755 et
2613 692 2717 776 ipa-

516 795 658 860 sius
695 795 880 863 urbis
924 801 1176 860 aeterna
1219 790 1537 876 majestas
1579 791 1830 857 nefario
1867 792 2124 858 homini
2161 794 2462 876 eripuere
2493 794 2714 859 consi-

516 898 703 974 lium,
734 904 808 962 ut
850 916 939 960 ex
977 896 1345 961 inveterato
1393 895 1512 960 illo
1562 903 1828 980 torpore
1871 916 1953 961 ac
1998 895 2396 962 foedissimis
2440 897 2716 964 latebris

518 1001 740 1065 subito
788 1006 1275 1084 prorumperet,
1314 1005 1404 1075 et,
1447 1006 1799 1063 consumto
1841 1019 1963 1082 per
2006 998 2305 1063 desidias
2350 996 2720 1078 sexennio,‘¹

518 1102 740 1186 ipsum
781 1102 958 1169 diem
992 1102 1234 1166 natalis
1265 1102 1370 1166 sui
1402 1100 1646 1166 ultima
1677 1121 1803 1167 sua
1830 1101 2018 1166 caede
2048 1102 2354 1185 signaret,
2385 1122 2467 1167 ne
2497 1110 2718 1186 septe-

520 1205 776 1270 narium
816 1205 1002 1270 illum
1047 1223 1417 1284 numerum,
1463 1223 1731 1269 sacrum
1777 1213 1847 1271 et
1888 1205 2291 1286 religiosum,
2337 1206 2449 1270 vel
2489 1204 2720 1269 incho-

520 1306 692 1373 ando
736 1308 1039 1374 violaret.
1126 1307 1191 1372 3.
1237 1304 1332 1372 At
1376 1307 1719 1392 quomodo
1758 1308 2073 1372 instruxit
2116 1307 2331 1372 aciem
2375 1314 2477 1374 tot
2522 1326 2718 1372 anno-

520 1430 665 1475 rum
711 1410 984 1475 vernula
1026 1409 1525 1494 purpuratusi⁶
1613 1409 1727 1474 lta
1767 1429 2062 1493 prorsus,
2093 1428 2175 1474 ne
2215 1411 2368 1494 quis
2411 1410 2719 1487 evadere,

522 1533 607 1578 ne
658 1514 832 1596 quis»,
880 1520 958 1578 ut
1003 1513 1096 1591 fit,
1139 1514 1291 1581 loco
1334 1516 1558 1576 motus
1602 1510 1846 1576 referre
1894 1511 2198 1594 gradum,
2244 1518 2312 1576 et
2352 1513 2720 1578 instaurare

522 1617 823 1701 praelium
852 1623 1125 1700 posset3
1170 1636 1318 1681 cum
1350 1636 1394 1680 a
1421 1615 1639 1681 fronte
1673 1616 1896 1692 armiS,
1921 1637 1964 1682 a
1988 1625 2172 1700 tergo
2195 1617 2429 1682 Tiberi
2450 1616 2720 1681 flumine

524 1725 948 1805 premeretur.
1036 1721 1101 1784 4.
1148 1720 1232 1784 In
1276 1738 1411 1802 quo
1457 1719 1572 1783 ille
1613 1737 1763 1797 non,
1797 1719 2200 1797 mehercule,
2238 1719 2563 1802 cogitavit
2605 1738 2720 1783 ne·

525 1823 904 1889 cessitatem
930 1823 1302 1900 resistendi,
1334 1822 1458 1888 sed
1485 1823 2046 1906 propinquitatem
2075 1822 2471 1905 refugiendi.
2559 1821 2725 1886 Nisi

525 1924 695 1991 forte
733 1926 879 2009 jam
924 1926 1240 2004 sentiens,
1270 1926 1444 1990 diem
1491 1925 1625 1989 sibi
1669 1926 1937 1991 venisse
1969 1925 2271 2005 fatalem,
2302 1925 2389 1990 ad
2418 1924 2725 1989 solatium

528 2049 671 2095 suae
715 2030 950 2094 mortis
996 2030 1211 2096 voluit
1252 2048 1485 2094 secum
1517 2027 1776 2093 trahere
1807 2029 2352 2113 quamplurimos»,
2384 2035 2462 2093 ut
2491 2047 2726 2093 omnes

527 2140 760 2198 essent
801 2134 1022 2197 exitus
1065 2133 1170 2197 sui
1212 2133 1516 2208 comiteS‚
1549 2132 1667 2215 qui
1705 2131 2036 2196 scelerum
2068 2132 2438 2216 participes
2466 2129 2724 2195 extitis-

529 2242 697 2300 sent.
782 2238 847 2299 5.
894 2234 1083 2314 Quid
1123 2237 1299 2300 enim
1341 2234 1526 2300 aliud
1567 2234 1751 2298 illum
1787 2255 2097 2318 sperasse
2136 2225 2531 2299 credendum
2576 2234 2726 2299 est?

532 2339 646 2423 qui
686 2337 830 2423 jam
872 2345 1030 2404 ante
1072 2339 1349 2404 biduum
1390 2337 1640 2422 palatio
1682 2339 2137 2420 emigraverat,
2176 2344 2243 2402 et
2283 2358 2433 2403 cum
2474 2333 2729 2402 uxore‘

1451 2520 1812 2542 ‘O‘NOOOODOO

530 2627 711 2676 viribus
732 2628 857 2678 Vct.
894 2628 1063 2678 Lirin.
1083 2629 1286 2681 Bertin.
1315 2631 1471 2681 Grnt.
1493 2641 1547 2680 et
1572 2635 1894 2682 recena—2
1927 2630 2024 2680 Sed
2057 2631 2248 2680 domina
2282 2646 2411 2680 mm
2439 2630 2525 2681 ed.
2556 2631 2730 2684 Lirin.

532 2693 632 2742 Sed
648 2693 815 2743 divina
835 2709 967 2743 mm
988 2696 1116 2744 Ver.
1139 2697 1305 2745 Livin.
1327 2698 1544 2760 cuspin.
1569 2697 1802 2748 Rhenan.
1825 2705 1879 2746 et
1906 2706 2097 2746 ceterae
2123 2711 2303 2746 omnes
2333 2696 2454 2745 edd.
2509 2711 2592 2758 per
2610 2697 2735 2746 desi-

532 2757 641 2808 dias
660 2761 790 2808 renio
814 2760 936 2809 edd.
959 2769 1079 2809 ante
1102 2762 1292 2811 Cellar.
1357 2763 1503 2818 Mox.
1529 2777 1623 2826 pro
1645 2764 1832 2818 ultima,
1851 2761 2054 2812 Acidal.
2079 2763 2211 2825 conj.
2231 2763 2466 2811 ultimum.
2499 2761 2732 2811 Rhenan.

531 2824 713 2887 Steph.
745 2823 912 2877 Livin.
935 2825 1110 2874 Rivin.
1141 2829 1462 2889 septenarium
1496 2843 1773 2888 numerum3
1806 2829 1929 2878 Vet.
1963 2828 2133 2877 Livio.
2167 2827 2374 2877 Bertin.
2413 2827 2630 2889 Cuspiu-
2663 2827 2727 2877 P.

531 2889 719 2953 Stepb.
736 2889 894 2939 Grut.
917 2897 971 2939 et
994 2900 1220 2941 recenti.
1244 2906 1288 2940 ε.
1308 2893 1444 2941 illum
1465 2906 1724 2944 numerum.
1776 2892 2013 2942 Rhenan.
2048 2893 2120 2942 H.
2157 2893 2338 2955 Stepln.
2363 2892 2530 2941 Livin.
2557 2891 2728 2942 Rivin.

535 2954 703 3003 Baun.
742 2955 1017 3017 religiosum
1065 2957 1358 3014 inchoandae
1429 2957 1552 3009 vet.
1597 2960 1819 3008 Putean.
1875 2958 2082 3007 Bertin.
2128 2960 2345 3020 cuspin.
2387 2956 2562 3006 Μαι-Ι.
2598 2958 2729 3007 Exc.

532 3018 826 3069 Scbonhov.
851 3021 911 3071 P.
932 3021 1111 3084 Steph.
1133 3023 1290 3072 Grut.
1310 3031 1366 3072 et
1388 3031 1612 3073 recenti.
1645 3023 1943 3086 religiosum,
1962 3025 2040 3073 vel
2060 3024 2318 3072 inchoando
2331 3039 2352 3082 ‚-
2402 3029 2417 3051 ⁶
2438 3021 2575 3087 quod
2600 3023 2731 3073 reci·

533 3086 780 3146 piendum
806 3101 918 3135 esse
942 3089 1067 3137 satis
1097 3102 1355 3152 superque
1379 3088 1581 3138 claret-³
1602 3090 1884 3149 ἅρμα-3
1902 3090 2120 3150 pralium
2135 3090 2287 3151 possit
2308 3088 2446 3138 H.et
2470 3087 2728 3151 P.Stepb.

534 3148 713 3200 Rivin.
737 3157 793 3201 et
816 3154 884 3202 al.
908 3160 1035 3203 vett.
1056 3163 1179 3204 ante
1205 3155 1369 3206 Livio.
1415 3170 1467 3218 p.
1495 3160 1652 3218 posset
1677 3155 1800 3205 Vet.
1836 3155 2063 3205 Putean.
2095 3154 2265 3204 Livin.
2285 3162 2342 3204 et
2364 3153 2484 3204 edd.
2509 3160 2732 3204 recenti.

1523 3303 1575 3354 N
1584 3301 1747 3352 01*AE

599 3395 625 3430 b
656 3395 831 3457 Africa
853 3428 869 3445 .
890 3428 907 3446 .
931 3431 945 3447 .
966 3395 1223 3459 exhausta]
1263 3397 1278 3425 ‘
1299 3399 1602 3449 Maxentius
1673 3406 1772 3456 ret,
1791 3400 1962 3450 victus
1985 3401 2039 3451 in
2055 3400 2281 3451 Tiberim
2303 3400 2543 3464 delapsus
2559 3403 2660 3462 est,
2673 3403 2736 3449 ut

537 3474 903 3538 Carthaginem
943 3481 1200 3524 terrarum
1237 3476 1414 3541 decus,
1444 3478 1602 3527 simul
1672 3476 1805 3527 dicit
1828 3475 1983 3549 infra.

537 3551 734 3603 Africae
772 3552 1065 3618 pulchriora
1088 3555 1301 3615 vastari,
1321 3554 1500 3619 diripi,
1526 3555 1603 3605 in·
1737 3560 1759 3587 θ
1800 3553 2006 3604 Vernula
2051 3554 2365 3618 purpuratus]
2416 3551 2735 3603 Maxentius.

537 3630 789 3698 cendique
803 3629 1074 3696 jusserat.’
1142 3631 1321 3680 Aurel.
1341 3632 1539 3681 Victor.
1679 3628 1833 3680 Haud
1857 3630 2091 3681 absimile
2113 3631 2239 3681 illud
2267 3626 2450 3680 Paesti
2487 3632 2540 3680 in
2570 3629 2737 3680 Theo-

601 3715 625 3743 c
662 3707 891 3757 Omnibus
927 3707 1121 3772 inutilis]
1158 3708 1404 3773 Inprimis
1426 3708 1606 3759 Sicilia
1678 3706 1790 3756 dos.
1843 3707 1909 3755 de
1976 3706 2213 3758 Maximo
2280 3703 2540 3772 tyranno}
2594 3707 2610 3734 ‘
2635 3706 2737 3756 Ille

539 3790 596 3833 et
620 3782 875 3833 Sardinia.
1677 3786 1934 3850 quondam
1983 3785 2166 3835 domus
2215 3793 2322 3837 ωε
2364 3783 2739 3850 negligentissi-

603 3858 628 3893 «Ι
677 3860 931 3910 Consumto
981 3875 1070 3924 per
1118 3860 1330 3912 desidias
1379 3861 1605 3911 sexennio
1676 3877 1787 3913 mus
1810 3860 2061 3913 vernula.’

540 3935 719 4002 [unio]
754 3936 933 3985 Malim
972 3938 1195 3987 sexennio
1229 3943 1287 3986 ut
1308 3938 1420 3987 vult
1443 3937 1605 3987 Peta—
1740 3936 1760 3972 f
1792 3940 1915 3988 Cum
1957 3941 2130 4005 uxore]
2174 3938 2478 4002 Magnentia
2522 3935 2739 3999 Urbica,

541 4013 654 4062 vius
682 4013 747 4062 de
782 4012 1033 4063 Doctrina
1070 4013 1254 4077 Temp.
1292 4027 1355 4062 n.
1394 4017 1474 4063 8⁷.
1512 4028 1607 4063 sex
1678 4016 1865 4079 prioris
1903 4016 2101 4066 Galerii
2145 4015 2375 4079 conjugis
2415 4013 2541 4077 fllia,
2586 4013 2741 4076 cnjus

541 4091 679 4140 enim
702 4104 861 4145 annos
884 4090 1209 4155 tyrannidem
1227 4091 1608 4155 occupavitdo·
1675 4107 1908 4143 nummos
1967 4092 2133 4143 refert
2173 4093 2443 4143 Tristanus
2484 4089 2540 4140 in
2586 4089 2743 4142 Com·

543 4180 643 4216 nec
660 4167 843 4217 ultima
864 4166 1100 4217 sexennii
1121 4167 1262 4217 illius
1283 4166 1404 4227 die3
1438 4168 1607 4231 prius·
1676 4176 1834 4221 ment.
1863 4169 2158 4223 Historicia.

511 4316 516 4321 .
544 4256 699 4307 quam
726 4244 1076 4308 septenarium
1106 4257 1374 4296 numerum
1399 4244 1607 4296 inchoa·
