3084 4959
2454 323 2629 390 1327

413 476 1174 565 regibusssauspicatus
1204 495 1301 552 es,
1333 477 1667 562 simulque
1700 483 1772 542 et
1812 480 2148 563 praeterita
2186 481 2447 547 illorum
2478 503 2626 549 sce·

411 582 552 646 Iera
596 580 875 665 punisti,
906 585 980 644 et
1024 579 1237 644 totius
1282 579 1502 662 gentis
1546 579 1880 646 lubricam
1924 580 2119 647 fidem
2165 584 2402 649 timore
2433 587 2625 652 vinx-
2667 623 2672 630 ·

411 684 546 748 isti.
626 683 693 747 3.
738 681 1090 747 Liberavit
1128 681 1247 746 ille
1275 681 1668 747 Britannias
1692 684 2053 763 servitute3
2086 691 2160 750 tu
2203 687 2406 751 etiam
2435 688 2628 753 nobi·

304 850 311 858 ,
410 783 534 860 leS,
578 784 715 850 illie
763 783 1103 859 oriende,w
1147 783 1393 847 fecisti.
1432 837 1437 843 .
1478 784 1546 847 4.
1593 782 1929 850 Plurimus
1978 787 2096 851 ille
2143 788 2465 853 barbaras
2509 808 2623 854 na-

411 887 634 952 tiones
664 886 883 950 viotor
927 886 1247 962 edomuit,
1275 884 1475 951 venia
1502 886 1875 968 mitigavit3
1931 890 2081 966 tibi,
2110 880 2378 954 ermetis
2416 891 2626 955 hosti-

412 990 540 1053 bus
584 987 958 1053 alacritatis
999 995 1135 1054 tuae
1184 997 1430 1053 terrore
1474 991 1936 1074 compressis:
1975 992 2234 1057 interim
2265 994 2456 1058 deest
2485 1012 2627 1060 ma-

411 1093 584 1159 teria
613 1090 953 1156 vincendi.

501 1195 685 1261 CAP.
729 1211 800 1256 v.
873 1195 938 1258 1.
981 1192 1333 1260 Justitiam
1382 1214 1544 1261 vero
1605 1197 1820 1280 patris
1879 1202 2082 1281 atque
2142 1196 2468 1281 pietatem
2519 1201 2624 1268 sio

413 1297 695 1362 imitaris
739 1303 811 1361 et
854 1297 1183 1381 sequeris,
1215 1303 1289 1361 ut
1328 1298 1648 1362 omnibus
1690 1299 1775 1363 ad
1822 1308 1889 1363 te
1925 1298 2497 1381 confugientibus,
2526 1303 2625 1367 di-

413 1418 815 1482 versamque
844 1417 1040 1482 opem
1072 1403 1190 1462 aut
1219 1404 1454 1463 contra
1483 1400 1768 1464 aliorum
1798 1400 2106 1485 injurias,
2152 1411 2272 1466 aut
2310 1421 2434 1485 pro
2478 1406 2625 1471 suis

413 1499 791 1569 commodis
834 1500 1356 1584 postulantibus,
1388 1502 1589 1583 quasi
1634 1501 1859 1584 legata
1907 1502 2120 1586 patris
2163 1502 2461 1567 videaris
2506 1523 2627 1569 ex-

412 1603 712 1684 solvere3
776 1602 981 1686 idque
1029 1601 1252 1686 ipsum
1307 1621 1539 1666 eoram
1588 1602 1890 1685 gaudeas
1945 1604 2344 1687 praedicari;
2411 1604 2627 1683 Quid-

411 1705 571 1791 quid
617 1711 691 1770 tu
729 1704 916 1789 juste
979 1722 1061 1768 ac
1106 1703 1474 1768 liberaliter
1519 1703 1789 1780 feceriS,
1831 1703 2044 1768 filium
2087 1703 2468 1770 Constantii
2513 1725 2626 1771 ne·

411 1808 708 1872 cessario
737 1805 1145 1890 praestitisti.
1235 1805 1305 1870 2.
1351 1804 1534 1872 Nam
1562 1807 1728 1890 quid
1755 1826 1880 1888 ego
1902 1807 1986 1871 de
2007 1797 2358 1889 prudentia
2381 1808 2625 1888 discam,

410 1928 551 1991 qua
578 1916 647 1972 te
676 1926 876 1992 paene
905 1906 1246 1972 credimus
1276 1906 1422 1970 fore
1453 1909 1626 1992 ipso·
1639 1915 1835 1991 patre
1866 1909 2245 1992 potiorem?
2294 1913 2412 1993 qui
2444 1916 2624 1975 vete·

407 2028 516 2074 res
547 2009 703 2073 illos
736 2009 1061 2074 Romanae
1096 2010 1489 2092 reipublicae
1518 2011 1890 2095 principeS,
1923 2011 2335 2095 superiorem
2361 2008 2622 2077 Africa-

407 2119 619 2188 num,·
684 2109 1218 2195 Pompeiumque
1250 2108 1275 2147 '³
1341 2112 1690 2194 Magnum,
1755 2115 1981 2178 aetatis
2041 2129 2310 2178 cursum
2377 2112 2623 2178 virtute

406 2218 817 2298 praeveetOS,
848 2220 987 2278 tam
1019 2221 1275 2278 mature
1304 2221 1526 2280 sumto
1552 2214 1769 2281 vincis
1797 2215 2131 2299 imperi0‚⁰
2156 2206 2622 2298 'tantarumque

765 332 1229 382 MAximAuo
1280 332 1373 380 m·
1423 333 1994 384 consulumue.
2072 338 2172 385 vi.
2215 323 2281 386 5.

471 2407 492 2433 θ
525 2400 786 2464 Postquam
797 2397 1005 2461 fregisti
1026 2397 1182 2448 hostes
1202 2413 1360 2448 omnes
1375 2399 1672 2460 fortitudine
1695 2404 1779 2450 tuo
1804 2399 2013 2448 territos.

1329 2526 1631 2547 ”Ouum
1636 2527 1696 2548 ‘O

410 2611 505 2660 tin.
529 2618 583 2658 et
602 2607 727 2659 edd.
750 2615 867 2671 post
892 2607 1049 2657 Grut·
1069 2608 1116 2656 d.
1136 2606 1280 2670 oepit,
1310 2606 1533 2657 abduxit.
1589 2608 1766 2658 Moerl.
1786 2610 2018 2672 simulque
2038 2614 2087 2658 et
2112 2615 2293 2672 postea.
2355 2609 2458 2673 Pro
2480 2608 2623 2659 vinx-

407 2677 511 2731 isti,
549 2675 683 2739 quod
723 2674 915 2723 babent
953 2672 1164 2723 Bertin.
1207 2673 1340 2720 Exe.
1381 2674 1538 2733 Lang-
1575 2673 1749 2722 Moerl.
1787 2673 2014 2736 Guelph.
2050 2675 2207 2722 Grut.
2242 2682 2294 2722 et
2330 2674 2449 2722 edd.
2495 2682 2625 2723 vett.

392 2740 610 2803 junxisti
644 2740 837 2802 legitur
860 2739 914 2787 in
947 2736 1066 2786 edd.
1105 2737 1318 2800 Cuspio.
1355 2735 1590 2785 Rlienan.
1623 2739 1809 2802 Steph.
1845 2741 2008 2788 Livio.
2039 2739 2211 2787 Rivin.
2270 2737 2355 2787 Cf.
2380 2739 2623 2788 Mamert-

407 2805 626 2855 Maxim.
651 2817 728 2853 vi.
749 2808 799 2852 3.
821 2816 978 2866 supra
1002 2816 1041 2852 ι.
1059 2805 1206 2850 5.-4
1241 2800 1376 2851 Edd.
1399 2809 1521 2851 ante
1546 2801 1728 2854 Arntz.
1750 2805 1950 2854 victorio
1971 2804 2155 2852 domuit
2168 2819 2189 2862 ;
2216 2803 2391 2854 Moerl.
2410 2813 2463 2853 et
2482 2804 2625 2854 Gud-

408 2871 562 2920 victor
582 2870 810 2918 edomuit.
863 2866 1101 2916 Pulman.
1125 2871 1288 2916 tenore
1306 2867 1599 2930 compressis.

470 2935 608 2984 cu».
646 2945 702 2981 v-
763 2937 789 2981 l
833 2930 1036 2982 Acidal.
1071 2933 1205 2993 conj.
1245 2946 1403 2980 coram
1436 2933 1508 2980 sie
1541 2935 1775 2996 gaudeas,
1805 2936 1891 2996 &c-
1942 2933 2111 2981 Liviu-
2152 2932 2338 2990 edidit,
2384 2930 2622 2993 Quicquid

396 2997 549 3060 juste.
604 2997 901 3047 Pronomen
939 3001 995 3046 tu
1029 2997 1265 3044 inserunt
1287 2996 1410 3045 Vet.
1449 2997 1615 3045 Livin.
1653 2998 1868 3062 Cuspio.
1902 2998 2139 3045 Rhenan.
2166 3006 2219 3046 et
2250 2997 2373 3045 edd.
2400 3003 2625 3046 rec-entr-

406 3064 423 3091 ‘
446 3066 581 3113 Loco
602 3061 690 3111 τοῦ
702 3062 1006 3126 prestitisse,
1027 3061 1188 3123 Cusp.
1213 3060 1378 3109 Rhen.
1398 3060 1583 3124 steph.
1610 3062 1780 3110 Livio.
1800 3072 1849 3111 et
1879 3063 2051 3111 Moerl.
2067 3077 2183 3111 cum
2208 3062 2350 3112 Gud.
2372 3061 2623 3111 exhibent

400 3128 699 3191 proestieieei.
767 3127 926 3187 Illud,
962 3132 1173 3175 notante
1216 3125 1469 3182 Livineio,
1506 3134 1590 3175 est
1627 3127 1677 3175 in
1707 3127 1881 3177 sobed.
1910 3129 2068 3190 Laug.
2091 3136 2145 3177 et
2169 3134 2442 3188 receptum
2465 3124 2567 3176 fuit
2591 3140 2625 3175 a

408 3194 581 3245 Paris.
616 3193 734 3243 Pat.
769 3201 825 3243 et
860 3190 1126 3243 Centurio!
1157 3191 1445 3253 sagea-2
1478 3191 1617 3242 Edd.
1642 3200 1772 3245 vett.
1802 3206 1991 3243 cursum
2018 3207 2065 3242 v.
2089 3197 2369 3257 provectos,-
2394 3191 2622 3256 Guelph.

1403 3303 1625 3357 NOTAE

468 3397 494 3422 v
527 3390 707 3439 Eorum
735 3387 949 3452 regibus]
985 3387 1235 3439 Ascarico
1280 3389 1337 3435 et
1370 3385 1471 3436 Re·
1555 3388 1856 3453 Scipionem
1889 3387 2198 3439 Africanum
2244 3387 2516 3452 majorem.
2548 3386 2619 3437 de

406 3466 565 3531 gaino,
587 3482 714 3532 quon
737 3469 911 3516 statim
937 3481 966 3515 a
984 3463 1277 3517 Constantii
1303 3470 1471 3515 morte
1552 3480 1658 3532 quo
1683 3467 1801 3516 vide
1825 3467 1988 3516 Plinii
2013 3467 2217 3530 Paneg.
2241 3482 2287 3516 c.
2305 3479 2430 3515 xm.
2460 3471 2568 3515 not.
2591 3465 2621 3515 ¹.

405 3541 589 3591 turbas
608 3543 881 3591 molientes
907 3541 1279 3591 Constantinus
1290 3537 1469 3604 fregit,

404 3630 467 3667 ae
504 3615 645 3666 bello
677 3624 861 3680 captos
893 3617 944 3666 in
974 3616 1230 3666 theatrum
1264 3614 1471 3665 induxit

405 3691 595 3743 belluis
617 3690 961 3743 dilaniandos.
1024 3691 1149 3742 vid.
1174 3693 1394 3754 Eutrop.

468 3774 503 3801 '¹
537 3764 775 3828 Orico-do]
810 3766 909 3816 His
943 3767 1263 3831 potissimum
1296 3767 1470 3817 verbis

399 3844 659 3907 nituntur,
697 3844 783 3908 qni
823 3843 1222 3893 Constantinum
1265 3843 1319 3892 in
1350 3843 1468 3894 Bri·

405 3920 586 3972 tannia
621 3928 802 3971 natum
845 3927 1071 3983 putant3
1124 3935 1239 3984 quae
1276 3919 1376 3970 etsi
1416 3920 1468 3969 in

402 3998 559 4049 alium
581 4011 788 4047 sensum
814 3995 1118 4060 detorqueri
1145 3997 1367 4061 possint,
1389 4005 1467 4050 ta·

403 4088 524 4125 men
547 4074 614 4124 de
645 4074 805 4124 natali
827 4074 1159 4124 Constantini
1191 4082 1310 4124 ortu
1333 4073 1468 4126 acei-

404 4150 599 4215 pienda
651 4165 768 4202 esse
818 4150 1209 4202 observavimus
1251 4152 1304 4201 in
1352 4153 1467 4218 ejus

405 4229 532 4279 vita.

472 4312 497 4339 ⁸
551 4304 852 4374 Superiorem
895 4305 1205 4370 menum]
1262 4306 1329 4358 Id
1370 4312 1470 4372 est,

1614 3540 1640 3576 δ
1673 3540 2060 3605 Pompeiumque]
2116 3541 2170 3591 Is
2208 3556 2324 3591 cum
2369 3554 2620 3589 annorum

1551 3624 1690 3666 esset
1711 3618 1883 3667 adhue
1912 3622 1993 3666 17.
2027 3618 2123 3667 sub
2171 3623 2322 3680 patre
2364 3617 2620 3679 Pompeio

1553 3693 1763 3754 meruit,
1787 3706 1919 3741 anno
1953 3706 2078 3741 vero
2117 3692 2287 3740 aetatis
2308 3695 2391 3739 23.
2415 3699 2520 3740 tres
2546 3693 2621 3741 le·

1553 3768 1733 3833 giones
1766 3768 1880 3830 ipse
1914 3767 1980 3815 ad
2017 3767 2214 3831 Syllam
2239 3764 2405 3827 duxit,
2428 3781 2490 3816 se
2513 3774 2620 3816 ter-

1555 3844 1628 3894 tio
1647 3844 1767 3907 post
1790 3859 1923 3894 anno
1954 3848 2166 3906 recepta
2188 3843 2347 3892 Italia
2380 3852 2434 3893 et
2459 3844 2621 3894 Nico·

1552 3921 1723 3970 media
1747 3921 2103 3984 triumphavit.
2169 3921 2252 3970 De
2285 3921 2476 3971 ceteri·
2500 3920 2615 3986 ejus

1552 3997 1779 4047 victoriis
1804 3998 1919 4045 vide
1945 3998 2299 4047 Plutarchum.

1615 4080 1639 4107 ⁰
1669 4074 1868 4124 Mature
1887 4080 2042 4124 sumto
2064 4074 2216 4123 vincis
2250 4072 2472 4137 imperio]
2509 4074 2617 4124 Nn·

1550 4164 1660 4201 zar.
1701 4164 1821 4216 cap.
1862 4162 1982 4200 xvi.
2016 4152 2128 4200 ‘Tu
2168 4150 2294 4214 imp.
2339 4162 2447 4216 opt.
2485 4152 2615 4203 inito

1550 4227 1850 4292 principatu
1895 4227 2064 4277 adhue
2115 4228 2215 4278 aeri
2270 4228 2613 4279 immaturus:

1549 4304 1644 4357 sed
1673 4306 1787 4370 jam
1812 4312 2049 4358 maturus
2087 4306 2307 4370 imperio
2339 4305 2615 4357 ostendisti
