3084 4959
1079 723 2047 879 EUME'NII

671 1033 2499 1154 PANEGYRICUS

1013 1311 1798 1391 CONSTANTINO
1859 1309 2124 1386 AUG.

551 1697 651 1759 De
671 1676 850 1781 hujus
864 1698 1235 1779 Panegyrici
1262 1709 1527 1775 auctore,
1550 1709 1613 1759 et
1632 1718 1753 1781 quo
1773 1697 1910 1758 loco
1937 1718 2009 1758 ac
2036 1707 2300 1779 tempore
2316 1697 2557 1758 habitus
2577 1697 2675 1765 sit,

464 1822 649 1883 supra
670 1800 933 1861 diximus
957 1798 1018 1856 in
1049 1796 1330 1857 Eumenii
1365 1796 1515 1869 vita,
1541 1816 1721 1877 quam
1751 1795 2136 1875 Panegyrico
2163 1805 2375 1877 quarto
2414 1791 2675 1875 praefixi-

466 1918 613 1960 mus·

1262 2026 1862 2061 m

1095 2204 1461 2254 SYNOPSIS
1509 2204 1660 2253 PAN
1676 2203 2019 2253 ssoYmcl·

462 2338 532 2391 Iit
567 2337 795 2391 Exordio
823 2337 1057 2389 ostendit
1090 2339 1141 2389 in
1176 2338 1450 2389 laudandis
1484 2339 1889 2403 imperatoribus
1923 2344 1978 2388 et
2001 2337 2298 2389 Caesaribus
2320 2334 2538 2388 difficile
2560 2335 2676 2386 esse

525 2420 787 2469 bominum
810 2420 1169 2484 expectationi
1192 2419 1534 2483 respondere,
1555 2434 1613 2470 se
1631 2433 1754 2471 vero
1767 2420 1907 2469 hunc
1920 2420 2140 2469 orationi
2161 2418 2367 2469 modum
2385 2419 2677 2475 allaturum,

529 2507 592 2548 ut
606 2513 718 2550 eam
743 2500 1007 2564 praecipue
1031 2499 1370 2550 Constantino
1395 2507 1687 2550 consecret.

465 2579 841 2630 Durnium-ro
865 2585 1043 2644 potest
1078 2593 1225 2630 esse:
1259 2580 1309 2632 1.
1345 2580 1433 2630 De
1472 2580 1803 2631 Constantini
1828 2580 1893 2631 ad
1920 2580 2196 2645 imperinm
2236 2580 2516 2631 electione.
2585 2576 2666 2629 11.

527 2660 614 2711 De
639 2660 798 2710 variis
821 2659 1053 2724 ejusdem
1079 2661 1331 2711 victoriis.

390 2771 391 2776 =
460 2740 509 2790 1.
531 2741 702 2790 Pano.
735 2740 822 2791 De
847 2740 1174 2791 Constantini
1199 2755 1413 2805 genere,
1437 2741 1576 2808 quod
1609 2740 1975 2791 hereditarium
1998 2740 2065 2791 ab
2086 2755 2183 2790 avo
2206 2741 2424 2792 Claudio
2448 2748 2504 2791 et
2526 2748 2675 2806 patre

529 2821 836 2872 Constantio
855 2819 1130 2884 imperium
1154 2821 1436 2886 acceperit,
1470 2836 1519 2871 c.
1541 2835 1610 2871 11.
1677 2819 1827 2873 Quod
1853 2821 1977 2871 illud
2013 2820 2181 2885 ipsum
2215 2821 2485 2872 militando
2508 2835 2677 2872 meru·

525 2902 645 2958 erit.
660 2900 895 2966 inprimis
912 2901 1047 2966 quod
1068 2901 1239 2951 adhuc
1252 2901 1557 2954 adolescens
1579 2902 1632 2952 in
1649 2916 1826 2967 pugna
1842 2917 2020 2952 manus
2037 2917 2155 2953 cum
2170 2903 2520 2953 Sarmatarum
2541 2902 2674 2952 duce

527 2982 874 3043 conseruerit,
896 2996 946 3032 c.
972 2995 1063 3032 nr.
1117 2981 1272 3033 Quod
1296 2982 1671 3033 Constantinus
1692 2983 1887 3033 ceteris
1911 2980 2163 3033 fratribus
2186 2983 2294 3031 snis
2315 2985 2562 3047 praelatus
2585 2983 2678 3045 sit,

528 3070 590 3114 nt
611 3065 751 3127 patri
776 3063 1104 3126 Constantio,
1125 3066 1210 3113 cui
1236 3064 1289 3113 in
1307 3064 1544 3113 omnibus
1572 3063 1726 3113 rebus
1748 3070 1887 3113 esset
1905 3063 2088 3112 similis
2107 3062 2441 3129 succederet,
2457 3078 2577 3127 cap.
2592 3077 2674 3113 iv.

528 3145 751 3209 Egregia
769 3145 1039 3209 utriusque
1058 3145 1401 3208 co‚mparatio;
1421 3144 1760 3195 Constantius
1777 3143 2069 3194 Bononiam
2091 3143 2382 3193 incredibili
2399 3144 2676 3195 celeritate

529 3225 693 3288 cepit,
724 3230 780 3275 et
813 3223 937 3273 dum
971 3224 1151 3274 classis
1185 3222 1249 3273 ad
1280 3224 1666 3288 pervadendam
1700 3223 2026 3275 Britanniam
2062 3229 2299 3288 paratur,
2321 3224 2597 3276 Bataviam
2620 3231 2676 3274 et

523 3304 740 3355 Frisiam
766 3319 798 3354 a
817 3303 1035 3353 diversis
1058 3305 1374 3355 Francorum
1399 3304 1609 3369 regibus
1629 3311 1932 3370 occupatam
1958 3304 2171 3362 liberat,
2188 3312 2372 3369 captos
2392 3305 2445 3355 in
2467 3305 2677 3357 deserta

527 3383 815 3435 Galliarum
843 3385 955 3435 loca
977 3383 1249 3447 transfert,
1270 3384 1577 3435 Britannias
1601 3384 1804 3435 decimo
1828 3383 2038 3435 tandem
2063 3399 2197 3436 anno
2230 3393 2526 3450 recuperat,
2556 3400 2675 3452 cap.
2777 3447 2782 3451 ,

528 3479 583 3515 v.
602 3464 851 3515 clementi
875 3464 1042 3515 utitur
1062 3464 1300 3525 victoria,
1325 3464 1557 3515 Francos
1579 3464 1769 3515 iterum
1803 3464 1859 3515 in
1880 3465 1987 3515 suis
2019 3465 2231 3517 sedibus
2257 3467 2443 3517 vincit.
2507 3466 2677 3520 Juxta

528 3544 792 3609 Lingonas
829 3546 1108 3610 sexaginta
1145 3542 1516 3605 Alamanorum
1563 3544 1726 3595 millia
1762 3544 1943 3596 caedit.
2010 3543 2263 3596 Vindenis
2301 3561 2530 3611 campos·
2554 3546 2672 3598 hos-

527 3628 656 3677 tium
681 3625 860 3691 strage
883 3627 1149 3690 complett
1183 3624 1396 3677 eosdem
1419 3626 1638 3691 populos
1663 3625 1899 3676 Rhenum
1934 3626 2098 3689 glacie
2132 3627 2472 3677 constrictum
2510 3632 2678 3677 trans·

525 3708 735 3758 mittere
759 3722 911 3758 ausos
932 3707 998 3758 ad
1021 3706 1339 3758 deditionem
1364 3707 1524 3771 cogit,
1543 3720 1663 3771 cap.
1686 3721 1770 3757 vr.
1825 3705 2172 3771 Caledonum,
2197 3707 2571 3772 Pictorumque
2593 3721 2676 3758 re-

528 3788 750 3852 gionem,
772 3788 975 3838 Thulen
1007 3796 1063 3839 et
1087 3789 1401 3838 Fortunatas
1434 3788 1630 3839 insulas
1665 3801 1829 3854 usqne
1865 3802 2196 3852 progressus,
2230 3802 2348 3852 cap.
2372 3802 2477 3838 vu.
2541 3788 2677 3839 Con·

526 3869 809 3920 stantinum
837 3869 980 3932 prius
1006 3869 1214 3934 imperii
1239 3868 1500 3920 lioeredem
1526 3869 1800 3936 relinquit,
1823 3882 1942 3933 cap.
1962 3882 2093 3921 vm.
2147 3867 2306 3919 Redit
2330 3869 2396 3919 ad
2422 3859 2677 3921 Constan-

525 3950 712 4001 tinum.
781 3948 1073 3999 Britannia
1096 3964 1213 4000 cnm
1237 3958 1454 4014 propter
1477 3951 1663 4013 multa,
1682 3956 1794 4002 tum
1820 3964 1884 4001 eo
1917 3951 2185 4014 praecipue
2219 3951 2514 4015 gratulatur
2532 3949 2677 4017 quod

528 4030 697 4094 prima
717 4044 836 4079 eum
862 4030 1126 4080 Cererem
1150 4030 1361 4088 viderit,
1385 4045 1505 4095 cap.
1525 4045 1613 4082 rx.

458 4105 539 4163 11.
575 4110 743 4161 Pana.
787 4110 1003 4160 Mortuo
1037 4116 1189 4175 patre
1212 4111 1584 4161 Constantinus
1603 4111 1715 4176 jam
1738 4110 2027 4174 Angustus,
2055 4108 2310 4161 Ascarico
2338 4117 2395 4161 et
2426 4110 2673 4177 Regsiso,

527 4189 844 4241 Francorum
866 4192 1105 4255 regibus,
1117 4205 1247 4257 quos
1271 4191 1409 4242 bello
1424 4200 1661 4257 ceperat,
1677 4191 1893 4258 punitis,
1915 4192 2255 4243 securitatem
2269 4190 2461 4243 Galliis
2485 4191 2677 4248 reddit,
