3084 4959
2309 328 2483 398 1565

295 489 539 576 injuria
590 487 663 554 id
706 481 1017 574 quidem:
1067 507 1225 555 nam
1276 496 1347 555 et
1395 487 1514 574 qni
1557 489 1827 555 venturi
1876 494 2039 555 sunt
2092 489 2167 555 in
2213 490 2485 558 virtutis

294 593 768 677 adoptionem,‘
811 593 932 658 illo
980 597 1200 658 tamen
1241 591 1711 659 adolescentiae
1756 592 2038 673 lubrico,
2076 598 2154 659 ut
2194 612 2327 657 non
2369 614 2487 660 ca-

297 695 500 773 dant:
545 695 857 760 titubant.
945 695 1013 759 4.
1053 692 1166 758 An
1216 712 1353 758 non
1402 692 1818 760 clarissimos
1866 695 2157 762 nominis
2188 694 2488 762 Romani

295 798 475 864 viros
528 796 808 881 (Syllae,
864 794 1164 874 Catulos,
1220 796 1583 881 Scipiones
1598 792 1628 833 ¹¹
1681 795 1952 882 loquor)
1999 798 2488 884 aliquantisper

296 900 427 967 sibi
453 900 726 966 luxuria
753 900 1168 967 vindicavit?
1213 919 1389 985 quos
1418 900 1549 967 etsi
1577 898 1664 965 ad
1696 906 1957 984 portum
1984 900 2222 966 mutati
2249 900 2323 965 in
2347 906 2488 967 me-

235 1035 242 1044 ·
296 1003 428 1068 lius
456 1003 833 1069 revexerint
864 1003 1087 1081 fietne,
1114 1003 1232 1071 diu
1275 1009 1488 1070 tamen
1517 1002 1833 1069 vitiorum
1862 1003 2062 1069 turbo
2082 1002 2394 1087 jactavit,
2422 1007 2491 1069 et

296 1106 653 1189 naufragos
703 1112 904 1191 atque
954 1105 1346 1182 fluitantem
1370 1107 1459 1173 ab
1506 1105 1672 1186 illis,
1714 1105 1960 1191 quibus
2007 1105 2488 1183 mersabantur,

299 1211 630 1275 erroribus
658 1230 833 1293 aegre
875 1215 1045 1276 aetas
1088 1212 1358 1294 recepit.
1444 1213 1513 1277 5.
1559 1211 1749 1277 Bene
1791 1211 1996 1294 igitur
2038 1216 2286 1277 cuncta
2327 1229 2492 1295 qua-

298 1314 585 1388 drarunt,
629 1318 701 1378 et
741 1314 1007 1389 ceteris,
1040 1332 1197 1398 quae
1239 1313 1593 1378 innumera
1634 1312 2100 1394 congruebant,
2131 1311 2289 1376 anni
2320 1330 2489 1395 quo-

301 1435 433 1501 que
464 1435 657 1481 suum
676 1413 970 1500 junxere
998 1415 1410 1499 suffragium,
1437 1417 1556 1501 qui
1598 1415 1727 1479 soli
1755 1415 1826 1479 in
1864 1413 2130 1479 homine
2171 1412 2498 1497 perfectis

297 1519 478 1584 bono
504 1518 788 1583 duarum.
814 1519 1159 1603 potiuntur
1201 1524 1508 1595 aetatum,
1540 1518 1782 1583 virtute
1801 1514 2145 1601 juvenum,
2175 1523 2244 1580 et
2272 1521 2492 1581 matu-

300 1621 491 1686 ritate
521 1620 876 1685 seniorum.
953 1621 1027 1685 ,6.
1070 1620 1272 1686 Priu's
1314 1619 1599 1685 fortasse
1640 1617 1994 1703 imperium
2037 1617 2200 1683 inire
2249 1617 2501 1683 dehac--

298 1723 413 1798 ris,
445 1730 520 1789 ut
544 1723 800 1789 diutius
828 1724 1226 1808 imperares;
1273 1723 1399 1788 sed
1436 1722 1582 1787 sine
1623 1721 1914 1805 exempli
1957 1715 2290 1805 periculo¹
2332 1739 2492 1804 pro·

301 1825 653 1908 videbitur,
713 1847 796 1892 ne
851 1826 1016 1911 quid
1073 1827 1425 1893 amiseris:
1489 1825 1632 1892 vita
1687 1823 1986 1908 longiore
2046 1822 2490 1909 pensandum,

899 421 905 428 .
942 342 1506 398 PANBGYmcus.
1579 343 1731 394 ιιι.
1774 329 1840 394 7.

368 2023 1300 2091 ‘wedunam-immensam.
1577 2024 2362 2077 ·Eta·mzabunminxelss.

360 2085 396 2131 s
417 2089 562 2142 AEtas
579 2093 725 2143 etiam
743 2094 959 2144 convenit
971 2110 988 2143 .·
1021 2108 1125 2157 quoe
1145 2108 1241 2143 una
1255 2094 1307 2143 is
1328 2091 1512 2142 homine
1530 2090 1740 2157 perfecta
1758 2096 1849 2142 est.

1216 2251 1333 2274 ‘m

301 2350 490 2417 imperii
510 2355 598 2405 tui.
663 2357 813 2420 Mox,
832 2357 957 2406 vet.
988 2356 1213 2420 Putean.
1241 2371 1300 2407 oe
1329 2354 1758 2406 militabam—4
1786 2352 1922 2406 Edd.
1948 2359 2079 2405 vett.
2103 2352 2213 2402 illos
2247 2350 2494 2410 eanum,-

301 2419 420 2468 eod.
446 2419 610 2469 Livin.
629 2422 674 2470 si
695 2421 801 2472 illos
825 2423 1057 2481 Catum,-
1088 2423 1226 2473 unde
1249 2424 1335 2472 ille
1359 2421 1497 2486 conj.
1520 2420 1718 2487 Syllam
1751 2430 1811 2473 nt
1833 2421 2025 2484 legitur
2048 2420 2100 2470 in
2125 2419 2251 2468 Vet.
2272 2417 2497 2469 Putean-

304 2491 361 2533 et
382 2484 509 2534 Exe.
535 2486 822 2537 Schonhov.
850 2494 867 2516 ‘
895 2488 1157 2537 Audiendi
1182 2486 1287 2538 duo
1317 2486 1474 2537 codd.
1496 2502 1627 2536 unus
1650 2485 1790 2550 typis
1813 2486 2071 2550 vulgatus,
2094 2484 2229 2534 alter
2250 2487 2492 2531 exaratus

303 2549 522 2612 calamo,
548 2552 730 2617 Syllas,
770 2553 999 2603 Catulos)
1037 2553 1193 2603 Grnt.
1257 2557 1273 2584 ‘
1298 2552 1462 2603 Nulla
1496 2549 1599 2601 fuit
1632 2552 1786 2612 ratio,
1820 2565 1916 2601 cur
1940 2549 2181 2601 Balduin.
2215 2553 2498 2613 reponeret

304 2615 588 2666 reduxerint
606 2616 800 2681 flatus?
830 2616 1004 2669 Juret.
1069 2619 1218 2676 Mox,
1261 2617 1380 2667 edd.
1416 2623 1551 2665 vett.
1578 2611 1911 2681 fleetunteu
1944 2616 2014 2665 al.
2032 2614 2324 2680 fluctuata,-
2373 2611 2492 2663 eod.

304 2677 499 2730 Scheff.
523 2688 578 2729 et
601 2682 723 2731 Vet.
747 2683 971 2732 Putean.
981 2681 1357 2747 fluitantem—6
1390 2680 1558 2731 cedd·
1591 2679 1842 2732 Scheffer.
1860 2687 1917 2729 et
1948 2680 2175 2745 Gnelpli.
2197 2677 2495 2742 exemplifi-

301 2744 445 2794 αἰσία.
508 2746 790 2797 Eud-vett.
810 2748 1178 2811 providebatur-,-
1208 2745 1325 2797 eod.
1345 2744 1598 2798 Scheffer.
1616 2744 1960 2811 providebitur.

1289 2894 1502 2947 ⁸01·AE

307 3014 614 3074 perentque.
681 3007 815 3059 Inde
836 3023 1122 3075 cognomen
1156 3008 1364 3062 familie
1436 3007 1625 3072 inquit,
1657 3006 1675 3038 ‘
1692 3013 1823 3057 etas
1854 3004 2042 3056 nostris
2080 3002 2280 3067 legibus
2312 3000 2497 3053 decem

307 3084 550 3147 inditum,
587 3092 645 3134 ut
680 3085 909 3136 Annales
944 3084 1368 3151 appellarentur.'
1435 3089 1582 3136 annis
1605 3086 1788 3142 minor,
1810 3098 1964 3149 quam
1986 3078 2305 3134 consularis?

309 3161 427 3211 Lis.
462 3173 554 3211 ιι..
593 3164 681 3212 43.
724 3161 1034 3224 Quanquam
1065 3162 1120 3212 id
1157 3159 1366 3228 quidem

305 3235 482 3287 fuerat
515 3225 679 3286 ruulto
716 3248 839 3287 ante
876 3236 1162 3301 definitum,
1199 3246 1255 3287 ut
1301 3252 1367 3287 ex

309 3313 460 3363 Livio
482 3313 617 3377 ipso,
639 3320 695 3363 et
717 3313 829 3363 aliis
851 3314 1191 3379 scriptoribus
1212 3313 1368 3365 facile

311 3388 588 3451 colligitur.
630 3389 704 3439 At
717 3389 908 3440 Villius
929 3389 1035 3440 dici
1058 3398 1235 3456 potest
1255 3405 1367 3441 eam

310 3465 482 3529 legem
502 3472 593 3514 aut
615 3480 906 3529 renovasse,
927 3475 1020 3518 aut
1039 3482 1173 3518 novo
1193 3468 1369 3518 edicto

313 3541 563 3605 sanxisse,
614 3551 674 3593 ut
728 3545 1019 3609 religiosius
1061 3555 1372 3598 servaretur.

309 3619 467 3683 Saepe
489 3624 662 3668 autem
693 3621 938 3683 gloriatur
965 3621 1162 3673 Tullius
1183 3636 1240 3672 se
1263 3636 1371 3672 ma-

312 3694 561 3760 gistratus
583 3710 759 3746 omnes
781 3711 914 3747 anno
932 3712 1046 3762 suo,
1061 3697 1116 3748 id
1138 3705 1222 3749 est
1242 3697 1372 3763 legi·

311 3773 409 3824 bns
442 3772 655 3822 definito
690 3783 1046 3825 consecutum.
1113 3773 1289 3840 Atque
1327 3774 1372 3825 is

311 3849 518 3914 quidem
542 3858 769 3913 qnaestor
790 3851 841 3899 in
868 3850 1096 3900 Siciliam
1120 3850 1217 3901 ivit
1239 3864 1373 3900 anno

312 3926 488 3976 oetatis
511 3940 618 3976 suae
641 3930 723 3976 ³1.
746 3926 909 3976 aedilis
940 3927 1134 3978 eurulis
1162 3926 1265 3978 fuit
1287 3943 1372 3979 an.

270 4005 275 4010 '
312 4006 398 4054 3⁷.
433 4009 626 4068 praetor
662 4019 745 4055 an.
766 4001 931 4055 Albae
954 4005 1159 4055 demum
1194 4005 1371 4056 consul

313 4094 397 4130 an.
418 4084 501 4130 43.
564 4079 714 4130 Idem
735 4081 937 4131 Tullius
973 4082 1167 4147 Philip.
1198 4097 1262 4133 ιι.
1291 4087 1377 4134 48.

313 4152 670 4206 Alexandrum
705 4156 836 4206 dicit
867 4157 1058 4208 ‘tertio
1091 4168 1145 4209 et
1171 4158 1374 4223 trigesi-

312 4246 399 4284 mo
420 4247 555 4285 anno
570 4240 787 4288 mortem
802 4229 992 4285 obiisse
1009 4229 1046 4285 :'
1079 4242 1095 4266 ‘
1111 4235 1243 4289 Quae
1261 4234 1379 4293 est‚'

1501 3160 1529 3196 Ι·
1572 3161 1754 3227 syllas,
1801 3161 2017 3216 Catulos,
2068 3156 2332 3221 Scipiones]
2385 3155 2498 3206 Hos

1439 3237 1610 3301 tangit
1649 3238 1842 3289 Tullius
1887 3251 1982 3303 pro
2035 3234 2198 3286 Caelio
2251 3247 2371 3297 esp.
2417 3236 2502 3283 28.

1439 3323 1455 3347 ⁸
1471 3314 1726 3382 Equidem
1749 3316 1939 3366 multos
1961 3306 2018 3363 et
2038 3311 2143 3362 vidi
2175 3312 2230 3359 in
2260 3310 2356 3359 hac
2376 3310 2503 3359 eivi-

1440 3400 1573 3448 tate.
1592 3400 1648 3443 et
1670 3391 1864 3454 audivi,
1886 3403 1991 3441 non
2013 3387 2168 3440 modo
2194 3387 2284 3452 qni
2311 3385 2505 3449 primo·

1440 3469 1582 3521 ribus
1604 3468 1760 3519 labris
1782 3471 2083 3531 gustassent
2116 3477 2277 3527 genus
2305 3462 2405 3511 hoe
2426 3460 2503 3509 vi-

1443 3553 1534 3610 tre,
1578 3553 1634 3596 et
1671 3544 1939 3608 extremis,
1975 3549 2038 3593 ut
2079 3540 2286 3596 dicitur,
2322 3537 2502 3601 digitis

1443 3621 1764 3687 attigissent,
1785 3617 1881 3670 sed
1899 3617 1988 3684 qui
2020 3622 2182 3667 totam
2205 3613 2504 3664 adolescen-

1443 3698 1572 3749 tiam
1593 3696 1947 3761 voluptatibns
1978 3692 2319 3755 dedidissent,
2339 3704 2505 3741 emer-

1443 3774 1572 3824 sisse
1603 3771 1900 3838 aliquando,
1918 3776 1976 3822 et
2005 3783 2062 3820 se
2096 3767 2162 3818 ad
2189 3767 2391 3832 frugem
2415 3766 2508 3817 bo·

1443 3865 1562 3902 nam
1601 3859 1661 3901 nt
1687 3850 1878 3900 dicitur
1912 3846 2190 3911 recepisse,
2216 3859 2506 3910 gravesque

1442 3927 1674 3978 homines
1709 3934 1864 3991 atque
1900 3924 2128 3974 illustres
2161 3920 2356 3972 fuisse.'
2420 3921 2503 3974 De

1443 4006 1521 4055 his
1544 4003 1705 4054 fusius
1728 4003 1838 4065 agit
1858 4003 1972 4051 Val.
1995 3998 2141 4051 Max.
2164 4013 2245 4051 vr.
2265 4003 2316 4049 9.

1513 4080 1527 4114 ¹
1553 4080 1672 4130 Sine
1702 4078 1904 4143 exempli
1936 4077 2167 4143 periculo]
2204 4074 2414 4140 Absque
2436 4088 2503 4124 eo

1445 4155 1582 4223 quod
1606 4156 1875 4223 quisquam
1896 4168 2110 4222 sperare
2129 4153 2267 4207 idem
2291 4151 2471 4219 possit.
