3084 4959
921 400 1034 449 η.
1085 401 1254 450 vn..
1304 401 1776 452 consrart‘rn
1831 404 2144 454 cunoni.
2467 393 2642 460 1269

414 550 619 623 certa,
651 549 724 610 ut
750 543 814 609 ei
845 544 1295 628 omnibusque
1322 544 1700 624 videbatur,
1733 566 1857 631 spe
1887 548 2220 615 victoriae.
2283 550 2421 618 Sed
2454 554 2474 585 ‘
2497 572 2640 617 ma·

410 648 508 715 ris
559 645 1032 713 inclementia’
1073 652 1215 712 tum
1257 647 1430 713 forte
1479 653 1722 714 coorta
1766 648 2209 716 Constantini
2239 657 2262 687 ‘
2295 654 2638 719 victoriam

410 750 598 816 fatali
650 748 946 834 quadam
1000 749 1409 816 necessitate
1461 749 1778 827 distulit,’
1842 759 1913 817 et
1962 752 2344 831 Romanos,
2397 758 2417 789 ‘
2451 757 2521 821 in
2570 777 2640 822 re

412 856 755 931 maritima
785 853 1048 933 novos,’
1093 856 1161 918 in
1198 858 1646 922 continentem
1699 856 2001 924 Galliam
2030 877 2102 925 re
2133 860 2391 925 infecta
2419 862 2636 929 redire

411 951 783 1041 compulit.
860 955 1094 1035 Quare
1150 977 1388 1041 pacem
1440 977 1598 1024 cum
1640 956 1970 1026 carausio
1999 961 2151 1026 iniri
2182 982 2458 1028 necesse
2486 947 2637 1042 fuit,

408 1060 684 1144 ipsique
714 1060 962 1124 remitti
990 1060 1231 1126 insulae
1264 1060 1644 1144 imperium.
1733 1061 1899 1127 Vid.
1947 1063 2232 1148 Eutrop.
2262 1073 2334 1129 et
2365 1065 2635 1131 Victor·

414 1239 500 1305 A.
535 1239 723 1307 U.C.
746 1257 1034 1306 Mxnvi.
1078 1239 1325 1306 Christi
1347 1257 1673 1307 ccxciii.
1721 1242 2014 1309 Dioclet.
2040 1244 2215 1330 Imp.
2241 1263 2318 1310 x.
2341 1246 2631 1312 Maxim.

959 1343 1138 1430 Imp.
1169 1359 1286 1409 1X.
1326 1344 1570 1410 Const.
1603 1345 1818 1411 AEtat.
1855 1363 2084 1424 xum.

496 1463 943 1529 Constantius
1000 1464 1415 1547 expectabat
1463 1464 1679 1528 donec
1732 1464 1975 1531 melior
2028 1468 2454 1552 oppugnandi
2506 1470 2635 1536 Ca-

407 1566 621 1636 rausii
652 1585 806 1631 sese
839 1565 1108 1632 offerret
1138 1568 1413 1631 occasio
1440 1589 1455 1629 z
1504 1586 1657 1630 cum
1684 1586 1847 1631 ecce
1869 1571 2209 1634 nuntiatur
2232 1570 2633 1636 Carausium

406 1670 699 1753 septim'o
729 1670 1002 1735 ineunte
1028 1670 1404 1754 tyrannidis
1433 1689 1576 1735 suae
1618 1689 1793 1735 anno
1835 1669 2098 1736 Allecti
2141 1672 2491 1737 familiaris
2524 1672 2635 1739 sni

405 1771 567 1838 dolo
597 1771 1051 1850 interemtum,
1085 1773 1249 1837 ntis
1279 1792 1434 1837 sese
1464 1772 1534 1835 in
1566 1770 1717 1856 ejus
1750 1772 2003 1852 locum,
2049 1774 2151 1839 uti
2197 1772 2385 1851 fecit,
2427 1776 2632 1839 intru-

406 1874 613 1950 deret.
704 1875 880 1944 Tum
925 1876 1214 1960 primum
1265 1874 1668 1940 Constantio
1714 1894 1898 1940 nova
1947 1895 2112 1960 spes
2163 1874 2409 1942 affulsit
2438 1896 2633 1943 recu-

402 1978 726 2062 perandae
757 1977 1150 2046 Britanniae.
1244 1978 1493 2061 Itaque
1544 1981 1568 2011 ‘
1598 1977 2189 2061 Asclepiodotum,
2233 1977 2484 2064 (inquit
2545 1979 2634 2045 A.

402 2081 683 2167 Victor)
711 2082 833 2167 qui
882 2082 1315 2166 praetorianis
1346 2082 1714 2165 praet'ectus
1763 2090 1933 2158 erat,
1977 2101 2128 2146 cum
2159 2088 2353 2165 parte
2384 2082 2632 2148 classis

401 2191 476 2251 et
503 2184 840 2268 legionum
873 2185 1204 2252 adversus
1236 2204 1493 2250 novum
1523 2191 1881 2269 tyrannum
1912 2183 2316 2268 praemittit:
2345 2204 2500 2249 cum
2523 2204 2627 2248 re-

399 2286 604 2371 liquis
640 2286 868 2370 copiis
908 2286 1059 2371 ipse
1092 2289 1607 2353 subsecuturus.
1697 2286 2258 2372 Asclepiodotus,
2289 2287 2628 2352 beneficio

399 2389 757 2473 spissioris
808 2389 1076 2455 nebulae
1126 2390 1404 2455 inimica
1443 2390 1690 2465 classe,
1730 2409 1884 2473 quae
1916 2388 2100 2474 apud
2134 2387 2414 2453 Vectatn
2446 2390 2629 2454 insu-

397 2490 533 2557 lam
568 2492 638 2556 in
671 2492 966 2577 speculis
1010 2500 1077 2557 et
1105 2492 1374 2558 insidiis
1417 2492 1763 2560 collocata
1791 2501 1956 2567 erat,
1991 2498 2196 2558 caute
2225 2492 2506 2568 evitata,
2537 2492 2629 2557 fe-

392 2594 609 2661 liciter
639 2594 710 2659 in
762 2595 1184 2662 Britanniam
1229 2596 1544 2680 appellit.
1637 2601 1660 2631 ‘
1692 2596 1910 2661 Simul
1964 2595 2293 2661 universis
2336 2595 2626 2660 navibus

394 2698 585 2779 ignes
616 2697 851 2783 injicit,
880 2704 957 2765 ut
997 2700 1181 2790 nullo
1211 2699 1390 2783 fngae
1431 2719 1581 2765 suae
1616 2697 1945 2783 praesidio
1973 2704 2346 2771 reservato,
2380 2697 2448 2760 in
2478 2698 2629 2763 'sola

394 2800 685 2868 victoria
732 2820 926 2886 spem
978 2798 1345 2885 ponerent,’
1388 2801 1653 2883 Paneg.
1703 2819 1772 2865 v.
1801 2801 1912 2866 15.
1989 2798 2331 2873 Allectus,
2381 2798 2617 2863 audito

394 2904 628 2972 nuntio
662 2903 996 2972 adventus
1016 2904 1415 2981 Constantii,
1428 2906 1518 2970 ab
1541 2924 1628 2969 eo
1650 2905 1880 2970 littore
1901 2904 2210 2982 (fortasse
2230 2900 2618 2983 Rutupino)

393 3007 796 3083 abscedens,
827 3007 1119 3074 classem
1152 3014 1554 3093 portumque
1584 3006 1904 3080 deseruit,
1927 3004 2046 3070 sed
2079 3005 2248 3068 mari
2280 3001 2612 3068 Constan-

391 3109 562 3176 tium
592 3110 883 3193 fugiens,
918 3115 1091 3173 terra
1120 3109 1187 3175 in
1215 3106 1786 3192 Asclepiodotum
1816 3107 2076 3183 incidit,
2121 3125 2164 3171 a
2211 3124 2346 3190 quo
2389 3105 2608 3170 victus

388 3212 911 3297 interfectusque
940 3217 1073 3290 est,
1123 3220 1196 3277 et
1245 3214 1434 3278 cultu
1478 3212 1626 3290 illo,
1670 3230 1874 3296 quem
1924 3210 2117 3274 vivus
2163 3211 2605 3283 assumserat,

389 3324 633 3398 sponte
664 3316 1009 3400 deposito,
1038 3317 1208 3381 inter
1236 3335 1568 3382 caesorum
1598 3315 1894 3381 hostium
1925 3330 2228 3387 acervos,
2259 3312 2381 3376 vix
2414 3311 2605 3375 unius

388 3419 740 3486 velaminis
768 3431 1080 3504 repertus
1125 3419 1404 3485 indicio.
1494 3418 1778 3483 Barbari
1817 3414 2229 3501 complures,
2258 3412 2599 3497 inprimis-

388 3540 521 3604 que
550 3521 826 3600 Franci,
859 3542 950 3587 ex
980 3523 1211 3607 praelio
1240 3521 1624 3587 Londinnm
1654 3540 1804 3586 sese
1832 3519 2202 3602 recipiunt;
2245 3515 2598 3595 fugissent·
2639 3533 2645 3542 ·

386 3643 518 3707 que
550 3625 819 3708 direpta
862 3626 1024 3689 urbe
1068 3626 1570 3709 copiosissima,
1602 3624 1736 3688 nisi
1766 3642 1812 3687 a
1839 3620 2221 3688 Constantii
2267 3617 2599 3682 militibus

384 3727 700 3810 oppressi
746 3726 1187 3792 cecidissent.
1276 3725 1681 3791 Constantio
1712 3726 1782 3789 in
1816 3724 2007 3789 littus
2044 3720 2416 3804 egredienti
2446 3718 2594 3782 Bri·
2722 3789 2728 3797 ,

383 3829 567 3896 tanni
599 3848 752 3894 cum
781 3828 1020 3913 plausu
1057 3835 1125 3894 et
1152 3828 1643 3893 acclamatione
1686 3846 1839 3892 sese
1885 3844 2039 3890 cum
2084 3821 2494 3905 conjugibus
2526 3828 2595 3890 et

378 3929 608 3996 liberis
642 3931 948 4009 offerunt,
978 3950 1061 3997 ac
1093 3932 1422 4001 libertatis
1441 3951 1588 3998 suae
1618 3929 1877 3996 vindici
1907 3927 2343 4011 gratulantur.
2436 3924 2594 3990 Hac

381 4033 665 4100 victoria
693 4054 828 4100 non
857 4048 1265 4118 recuperatae
1294 4033 1498 4099 modo
1522 4040 1678 4118 post
1698 4034 1934 4098 decem
1959 4050 2170 4096 annos
2194 4028 2590 4104 Britanniae,

380 4137 505 4204 sed
555 4137 836 4215 Galliae,
888 4138 1275 4220 Hispaniae,
1329 4137 1579 4217 Italiae,
1626 4143 1831 4223 atque
1863 4134 2117 4200 Africae
2149 4152 2190 4198 a
2224 4132 2595 4215 piratarum

377 4239 877 4305 incursionibus
904 4240 1237 4305 liberatae.
1329 4238 1535 4305 Missi
1566 4241 1723 4306 inde
1754 4238 2042 4305 artifices
2083 4235 2172 4301 ad
2219 4233 2594 4301 Galliarum
