<?xml version="1.0" encoding="UTF-8"?>
<!DOCTYPE html PUBLIC "-//W3C//DTD XHTML 1.0 Transitional//EN"
    "http://www.w3.org/TR/xhtml1/DTD/xhtml1-transitional.dtd">
<html xmlns="http://www.w3.org/1999/xhtml" xml:lang="en" lang="en">
 <head>
  <title>
</title>
<meta http-equiv="Content-Type" content="text/html;charset=utf-8" />
  <meta name='ocr-system' content='tesseract 3.04.00' />
  <meta name='ocr-capabilities' content='ocr_page ocr_carea ocr_par ocr_line ocrx_word'/>
</head>
<body>
  <div class='ocr_page' id='page_1' title='image "./panegyriciveter05baungoog_0149.png"; bbox 0 0 3084 4959; ppageno 0'>
   <div class='ocr_carea' id='block_1_1' title="bbox 887 678 2210 849">
    <p class='ocr_par' dir='ltr' id='par_1_1' title="bbox 887 678 2210 849">
     <span class='ocr_line' id='line_1_1' title="bbox 887 678 2210 849; baseline 0.007 -11"><span class='ocrx_word' id='word_1_1' title='bbox 887 678 1923 849; x_wconf 43' lang='lat' dir='ltr'><strong>&#39;PANEGYRICUS</strong></span> <span class='ocrx_word' id='word_1_2' title='bbox 2023 757 2210 849; x_wconf 87' lang='lat' dir='ltr'><strong>IV.</strong></span> 
     </span>
    </p>
   </div>
   <div class='ocr_carea' id='block_1_2' title="bbox 1118 1438 2009 1520">
    <p class='ocr_par' dir='ltr' id='par_1_2' title="bbox 1118 1438 2009 1520">
     <span class='ocr_line' id='line_1_2' title="bbox 1118 1438 2009 1520; baseline -0.001 -1"><span class='ocrx_word' id='word_1_3' title='bbox 1118 1438 1622 1520; x_wconf 89' lang='lat' dir='ltr'><strong>EUMENII</strong></span> <span class='ocrx_word' id='word_1_4' title='bbox 1709 1439 2009 1519; x_wconf 86' lang='lat' dir='ltr'><strong>VITA.</strong></span> 
     </span>
    </p>
   </div>
   <div class='ocr_carea' id='block_1_3' title="bbox 446 1688 2669 3637">
    <p class='ocr_par' dir='ltr' id='par_1_3' title="bbox 454 1688 2667 2416">
     <span class='ocr_line' id='line_1_3' title="bbox 465 1688 2667 1813; baseline 0.005 -32"><span class='ocrx_word' id='word_1_5' title='bbox 465 1688 909 1785; x_wconf 58' lang='lat' dir='ltr'><strong>Eoum-nus</strong></span> <span class='ocrx_word' id='word_1_6' title='bbox 952 1716 1208 1802; x_wconf 83' lang='lat' dir='ltr'><strong>origine</strong></span> <span class='ocrx_word' id='word_1_7' title='bbox 1239 1717 1532 1813; x_wconf 61' lang='lat' dir='ltr'><strong>Graecus</strong></span> <span class='ocrx_word' id='word_1_8' title='bbox 1559 1718 1632 1785; x_wconf 91' lang='lat' dir='ltr'><strong>in</strong></span> <span class='ocrx_word' id='word_1_9' title='bbox 1659 1712 1909 1784; x_wconf 80' lang='lat' dir='ltr'><strong>Galliis</strong></span> <span class='ocrx_word' id='word_1_10' title='bbox 1948 1725 2147 1787; x_wconf 85' lang='lat' dir='ltr'><strong>natus</strong></span> <span class='ocrx_word' id='word_1_11' title='bbox 2188 1725 2295 1791; x_wconf 89' lang='lat' dir='ltr'><strong>est</strong></span> <span class='ocrx_word' id='word_1_12' title='bbox 2321 1715 2667 1806; x_wconf 79' lang='lat' dir='ltr'><strong>Angusto·-</strong></span> 
     </span>
     <span class='ocr_line' id='line_1_4' title="bbox 462 1818 2666 1906; baseline 0.003 -23"><span class='ocrx_word' id='word_1_13' title='bbox 462 1818 665 1886; x_wconf 84' lang='lat' dir='ltr'><strong>duni:</strong></span> <span class='ocrx_word' id='word_1_14' title='bbox 711 1840 852 1906; x_wconf 88' lang='lat' dir='ltr'><strong>qua</strong></span> <span class='ocrx_word' id='word_1_15' title='bbox 893 1820 965 1887; x_wconf 89' lang='lat' dir='ltr'><strong>in</strong></span> <span class='ocrx_word' id='word_1_16' title='bbox 1006 1822 1196 1901; x_wconf 88' lang='lat' dir='ltr'><strong>urbe,</strong></span> <span class='ocrx_word' id='word_1_17' title='bbox 1223 1822 1648 1906; x_wconf 81' lang='lat' dir='ltr'><strong>temporibus</strong></span> <span class='ocrx_word' id='word_1_18' title='bbox 1674 1822 1814 1889; x_wconf 88' lang='lat' dir='ltr'><strong>illis</strong></span> <span class='ocrx_word' id='word_1_19' title='bbox 1841 1821 2333 1904; x_wconf 87' lang='lat' dir='ltr'><strong>florentissima,</strong></span> <span class='ocrx_word' id='word_1_20' title='bbox 2362 1832 2433 1890; x_wconf 88' lang='lat' dir='ltr'><strong>et</strong></span> <span class='ocrx_word' id='word_1_21' title='bbox 2455 1825 2666 1892; x_wconf 87' lang='lat' dir='ltr'><strong>bona-</strong></span> 
     </span>
     <span class='ocr_line' id='line_1_5' title="bbox 457 1923 2665 2008; baseline 0.005 -22"><span class='ocrx_word' id='word_1_22' title='bbox 457 1940 602 1987; x_wconf 89' lang='lat' dir='ltr'><strong>rum</strong></span> <span class='ocrx_word' id='word_1_23' title='bbox 634 1924 875 1988; x_wconf 84' lang='lat' dir='ltr'><strong>artium</strong></span> <span class='ocrx_word' id='word_1_24' title='bbox 904 1923 1088 1989; x_wconf 85' lang='lat' dir='ltr'><strong>velut</strong></span> <span class='ocrx_word' id='word_1_25' title='bbox 1115 1924 1301 2005; x_wconf 88' lang='lat' dir='ltr'><strong>sede,</strong></span> <span class='ocrx_word' id='word_1_26' title='bbox 1330 1925 1481 2008; x_wconf 88' lang='lat' dir='ltr'><strong>ipse</strong></span> <span class='ocrx_word' id='word_1_27' title='bbox 1510 1925 1682 1990; x_wconf 88' lang='lat' dir='ltr'><strong>Pan.</strong></span> <span class='ocrx_word' id='word_1_28' title='bbox 1708 1942 1813 1990; x_wconf 86' lang='lat' dir='ltr'><strong>lv.</strong></span> <span class='ocrx_word' id='word_1_29' title='bbox 1843 1924 1955 1991; x_wconf 82' lang='lat'><strong>17.</strong></span> <span class='ocrx_word' id='word_1_30' title='bbox 1982 1930 2003 1964; x_wconf 87' lang='lat'>‘</span> <span class='ocrx_word' id='word_1_31' title='bbox 2021 1944 2223 1991; x_wconf 87' lang='lat' dir='ltr'><strong>avum</strong></span> <span class='ocrx_word' id='word_1_32' title='bbox 2255 1945 2476 2005; x_wconf 89' lang='lat' dir='ltr'><strong>suum,</strong></span> <span class='ocrx_word' id='word_1_33' title='bbox 2506 1947 2665 1997; x_wconf 85' lang='lat' dir='ltr'><strong>cum</strong></span> 
     </span>
     <span class='ocr_line' id='line_1_6' title="bbox 459 2025 2662 2112; baseline 0.002 -22"><span class='ocrx_word' id='word_1_34' title='bbox 459 2027 640 2090; x_wconf 85' lang='lat' dir='ltr'><strong>esset</strong></span> <span class='ocrx_word' id='word_1_35' title='bbox 667 2026 1103 2109; x_wconf 82' lang='lat' dir='ltr'><strong>octogenario</strong></span> <span class='ocrx_word' id='word_1_36' title='bbox 1123 2026 1363 2111; x_wconf 82' lang='lat' dir='ltr'><strong>major,</strong></span> <span class='ocrx_word' id='word_1_37' title='bbox 1381 2027 1719 2112; x_wconf 88' lang='lat' dir='ltr'><strong>quondam</strong></span> <span class='ocrx_word' id='word_1_38' title='bbox 1747 2025 2107 2108; x_wconf 86' lang='lat' dir='ltr'><strong>docuisse,&#39;</strong></span> <span class='ocrx_word' id='word_1_39' title='bbox 2137 2028 2257 2106; x_wconf 89' lang='lat' dir='ltr'><strong>ait,</strong></span> <span class='ocrx_word' id='word_1_40' title='bbox 2287 2033 2309 2069; x_wconf 85' lang='lat'>‘</span> <span class='ocrx_word' id='word_1_41' title='bbox 2329 2029 2662 2095; x_wconf 87' lang='lat' dir='ltr'><strong>hominem</strong></span> 
     </span>
     <span class='ocr_line' id='line_1_7' title="bbox 457 2123 2663 2214; baseline 0.003 -24"><span class='ocrx_word' id='word_1_42' title='bbox 457 2123 745 2191; x_wconf 84' lang='lat' dir='ltr'><strong>Athenis</strong></span> <span class='ocrx_word' id='word_1_43' title='bbox 786 2137 1030 2208; x_wconf 86' lang='lat' dir='ltr'><strong>ortum,</strong></span> <span class='ocrx_word' id='word_1_44' title='bbox 1090 2127 1338 2196; x_wconf 81' lang='lat' dir='ltr'><strong>Romae</strong></span> <span class='ocrx_word' id='word_1_45' title='bbox 1385 2128 1503 2195; x_wconf 88' lang='lat' dir='ltr'><strong>diu</strong></span> <span class='ocrx_word' id='word_1_46' title='bbox 1561 2129 1916 2208; x_wconf 81' lang='lat' dir='ltr'><strong>celebrem,</strong></span> <span class='ocrx_word' id='word_1_47' title='bbox 1959 2147 2124 2195; x_wconf 84' lang='lat' dir='ltr'><strong>mox</strong></span> <span class='ocrx_word' id='word_1_48' title='bbox 2169 2131 2242 2195; x_wconf 90' lang='lat' dir='ltr'><strong>in</strong></span> <span class='ocrx_word' id='word_1_49' title='bbox 2291 2129 2446 2214; x_wconf 85' lang='lat' dir='ltr'><strong>ipsa</strong></span> <span class='ocrx_word' id='word_1_50' title='bbox 2491 2131 2663 2197; x_wconf 88' lang='lat' dir='ltr'><strong>urbe</strong></span> 
     </span>
     <span class='ocr_line' id='line_1_8' title="bbox 454 2230 2665 2317; baseline 0.003 -25"><span class='ocrx_word' id='word_1_51' title='bbox 454 2235 808 2312; x_wconf 85' lang='lat' dir='ltr'><strong>perspecto</strong></span> <span class='ocrx_word' id='word_1_52' title='bbox 839 2235 907 2295; x_wconf 86' lang='lat' dir='ltr'><strong>et</strong></span> <span class='ocrx_word' id='word_1_53' title='bbox 935 2231 1225 2314; x_wconf 89' lang='lat' dir='ltr'><strong>probato</strong></span> <span class='ocrx_word' id='word_1_54' title='bbox 1246 2232 1589 2297; x_wconf 88' lang='lat' dir='ltr'><strong>hominum</strong></span> <span class='ocrx_word' id='word_1_55' title='bbox 1610 2251 1838 2299; x_wconf 88' lang='lat' dir='ltr'><strong>amore</strong></span> <span class='ocrx_word' id='word_1_56' title='bbox 1855 2230 2205 2311; x_wconf 64' lang='lat' dir='ltr'><strong>doctrinae,</strong></span> <span class='ocrx_word' id='word_1_57' title='bbox 2217 2238 2431 2317; x_wconf 87' lang='lat' dir='ltr'><strong>atque</strong></span> <span class='ocrx_word' id='word_1_58' title='bbox 2460 2231 2665 2317; x_wconf 87' lang='lat' dir='ltr'><strong>hujus</strong></span> 
     </span>
     <span class='ocr_line' id='line_1_9' title="bbox 455 2329 1815 2416; baseline 0.004 -23"><span class='ocrx_word' id='word_1_59' title='bbox 455 2329 679 2414; x_wconf 87' lang='lat' dir='ltr'><strong>ipsius</strong></span> <span class='ocrx_word' id='word_1_60' title='bbox 711 2333 934 2416; x_wconf 90' lang='lat' dir='ltr'><strong>operis</strong></span> <span class='ocrx_word' id='word_1_61' title='bbox 960 2333 1395 2400; x_wconf 83' lang='lat' dir='ltr'><strong>veneratione</strong></span> <span class='ocrx_word' id='word_1_62' title='bbox 1423 2334 1815 2400; x_wconf 68' lang='lat' dir='ltr'><strong>detentum!</strong></span> 
     </span>
    </p>

    <p class='ocr_par' dir='ltr' id='par_1_4' title="bbox 446 2425 2669 3637">
     <span class='ocr_line' id='line_1_10' title="bbox 544 2425 2669 2529; baseline 0.005 -35"><span class='ocrx_word' id='word_1_63' title='bbox 544 2429 702 2514; x_wconf 85' lang='lat' dir='ltr'><strong>Ipse</strong></span> <span class='ocrx_word' id='word_1_64' title='bbox 733 2452 887 2499; x_wconf 89' lang='lat' dir='ltr'><strong>cum</strong></span> <span class='ocrx_word' id='word_1_65' title='bbox 918 2435 991 2498; x_wconf 90' lang='lat' dir='ltr'><strong>in</strong></span> <span class='ocrx_word' id='word_1_66' title='bbox 1019 2425 1178 2501; x_wconf 85' lang='lat' dir='ltr'><strong>aula</strong></span> <span class='ocrx_word' id='word_1_67' title='bbox 1206 2435 1590 2529; x_wconf 79' lang='lat' dir='ltr'><strong>Constantii</strong></span> <span class='ocrx_word' id='word_1_68' title='bbox 1615 2435 1846 2503; x_wconf 86' lang='lat' dir='ltr'>Chlori</span> <span class='ocrx_word' id='word_1_69' title='bbox 1876 2435 2170 2504; x_wconf 77' lang='lat' dir='ltr'><strong>Caesaris</strong></span> <span class='ocrx_word' id='word_1_70' title='bbox 2199 2442 2373 2502; x_wconf 90' lang='lat' dir='ltr'><strong>esset</strong></span> <span class='ocrx_word' id='word_1_71' title='bbox 2413 2435 2669 2520; x_wconf 64' lang='lat' dir='ltr'><strong>magis-v</strong></span> 
     </span>
     <span class='ocr_line' id='line_1_11' title="bbox 452 2526 2661 2624; baseline 0.003 -23"><span class='ocrx_word' id='word_1_72' title='bbox 452 2540 557 2601; x_wconf 84' lang='lat' dir='ltr'><strong>ter</strong></span> <span class='ocrx_word' id='word_1_73' title='bbox 603 2554 816 2602; x_wconf 84' lang='lat' dir='ltr'><strong>sacrae</strong></span> <span class='ocrx_word' id='word_1_74' title='bbox 859 2539 1225 2617; x_wconf 79' lang='lat' dir='ltr'><strong>memoriae,</strong></span> <span class='ocrx_word' id='word_1_75' title='bbox 1270 2539 1345 2604; x_wconf 91' lang='lat' dir='ltr'><strong>id</strong></span> <span class='ocrx_word' id='word_1_76' title='bbox 1390 2545 1519 2619; x_wconf 85' lang='lat' dir='ltr'><strong>est,</strong></span> <span class='ocrx_word' id='word_1_77' title='bbox 1548 2539 1795 2605; x_wconf 81' lang='lat' dir='ltr'><strong>libellis</strong></span> <span class='ocrx_word' id='word_1_78' title='bbox 1833 2546 1905 2606; x_wconf 92' lang='lat' dir='ltr'><strong>et</strong></span> <span class='ocrx_word' id='word_1_79' title='bbox 1950 2526 2261 2624; x_wconf 78' lang='lat' dir='ltr'><strong>epistolis</strong></span> <span class='ocrx_word' id='word_1_80' title='bbox 2302 2537 2661 2618; x_wconf 72' lang='lat' dir='ltr'><strong>iaciendis,</strong></span> 
     </span>
     <span class='ocr_line' id='line_1_12' title="bbox 453 2635 2662 2725; baseline 0.001 -20"><span class='ocrx_word' id='word_1_81' title='bbox 453 2635 939 2723; x_wconf 80' lang='lat' dir='ltr'><strong>signandisque</strong></span> <span class='ocrx_word' id='word_1_82' title='bbox 995 2641 1340 2725; x_wconf 80' lang='lat' dir='ltr'><strong>rescriptis</strong></span> <span class='ocrx_word' id='word_1_83' title='bbox 1396 2647 1747 2725; x_wconf 76' lang='lat' dir='ltr'><strong>praeesset,</strong></span> <span class='ocrx_word' id='word_1_84' title='bbox 1822 2649 2016 2709; x_wconf 88' lang='lat' dir='ltr'><strong>tanta</strong></span> <span class='ocrx_word' id='word_1_85' title='bbox 2071 2660 2227 2707; x_wconf 88' lang='lat' dir='ltr'><strong>cum</strong></span> <span class='ocrx_word' id='word_1_86' title='bbox 2286 2640 2554 2724; x_wconf 71' lang='lat' dir='ltr'><strong>ingenii„</strong></span> <span class='ocrx_word' id='word_1_87' title='bbox 2590 2648 2662 2706; x_wconf 89' lang='lat' dir='ltr'><strong>et</strong></span> 
     </span>
     <span class='ocr_line' id='line_1_13' title="bbox 450 2739 2659 2828; baseline 0.003 -25"><span class='ocrx_word' id='word_1_88' title='bbox 450 2739 853 2824; x_wconf 75' lang='lat' dir='ltr'><strong>eloquentiae</strong></span> <span class='ocrx_word' id='word_1_89' title='bbox 911 2743 1308 2827; x_wconf 74' lang='lat' dir='ltr'><strong>praestantia</strong></span> <span class='ocrx_word' id='word_1_90' title='bbox 1362 2744 1852 2828; x_wconf 87' lang='lat' dir='ltr'><strong>amplissimum</strong></span> <span class='ocrx_word' id='word_1_91' title='bbox 1908 2742 2075 2809; x_wconf 90' lang='lat' dir='ltr'><strong>illud</strong></span> <span class='ocrx_word' id='word_1_92' title='bbox 2132 2742 2366 2828; x_wconf 87' lang='lat' dir='ltr'><strong>palatii</strong></span> <span class='ocrx_word' id='word_1_93' title='bbox 2410 2760 2659 2809; x_wconf 85' lang='lat' dir='ltr'><strong>munus</strong></span> 
     </span>
     <span class='ocr_line' id='line_1_14' title="bbox 452 2840 2660 2921; baseline 0 -15"><span class='ocrx_word' id='word_1_94' title='bbox 452 2840 641 2921; x_wconf 91' lang='lat' dir='ltr'><strong>obiit,</strong></span> <span class='ocrx_word' id='word_1_95' title='bbox 688 2849 759 2909; x_wconf 88' lang='lat' dir='ltr'><strong>ut</strong></span> <span class='ocrx_word' id='word_1_96' title='bbox 804 2845 879 2909; x_wconf 87' lang='lat' dir='ltr'><strong>in</strong></span> <span class='ocrx_word' id='word_1_97' title='bbox 931 2845 1381 2911; x_wconf 89' lang='lat' dir='ltr'><strong>AEduensium</strong></span> <span class='ocrx_word' id='word_1_98' title='bbox 1427 2844 1806 2912; x_wconf 85' lang='lat' dir='ltr'><strong>scholarum</strong></span> <span class='ocrx_word' id='word_1_99' title='bbox 1852 2844 2294 2911; x_wconf 85' lang='lat' dir='ltr'><strong>moderatoris</strong></span> <span class='ocrx_word' id='word_1_100' title='bbox 2321 2843 2660 2915; x_wconf 83' lang='lat' dir='ltr'><strong>demortui</strong></span> 
     </span>
     <span class='ocr_line' id='line_1_15' title="bbox 448 2943 2658 3032; baseline -0.001 -21"><span class='ocrx_word' id='word_1_101' title='bbox 448 2943 672 3011; x_wconf 89' lang='lat' dir='ltr'><strong>locum</strong></span> <span class='ocrx_word' id='word_1_102' title='bbox 701 2964 745 3010; x_wconf 84' lang='lat' dir='ltr'><strong>a</strong></span> <span class='ocrx_word' id='word_1_103' title='bbox 775 2945 1184 3014; x_wconf 85' lang='lat' dir='ltr'><strong>Constantio</strong></span> <span class='ocrx_word' id='word_1_104' title='bbox 1211 2947 1527 3014; x_wconf 85' lang='lat' dir='ltr'><strong>suffectus</strong></span> <span class='ocrx_word' id='word_1_105' title='bbox 1558 2949 1667 3013; x_wconf 86' lang='lat' dir='ltr'><strong>sit.</strong></span> <span class='ocrx_word' id='word_1_106' title='bbox 1754 2946 1838 3013; x_wconf 94' lang='lat' dir='ltr'><strong>In</strong></span> <span class='ocrx_word' id='word_1_107' title='bbox 1880 2947 2074 3032; x_wconf 89' lang='lat' dir='ltr'><strong>cujus</strong></span> <span class='ocrx_word' id='word_1_108' title='bbox 2116 2947 2212 3012; x_wconf 83' lang='lat' dir='ltr'><strong>rei</strong></span> <span class='ocrx_word' id='word_1_109' title='bbox 2263 2946 2436 3010; x_wconf 88' lang='lat' dir='ltr'><strong>actis</strong></span> <span class='ocrx_word' id='word_1_110' title='bbox 2481 2943 2658 3009; x_wconf 87' lang='lat' dir='ltr'><strong>Gon·-</strong></span> 
     </span>
     <span class='ocr_line' id='line_1_16' title="bbox 447 3045 2659 3133; baseline 0 -23"><span class='ocrx_word' id='word_1_111' title='bbox 447 3047 743 3112; x_wconf 86' lang='lat' dir='ltr'><strong>stantius</strong></span> <span class='ocrx_word' id='word_1_112' title='bbox 773 3047 1081 3114; x_wconf 89' lang='lat' dir='ltr'><strong>Eumenii</strong></span> <span class='ocrx_word' id='word_1_113' title='bbox 1107 3048 1569 3133; x_wconf 84' lang='lat' dir='ltr'><strong>eloquentiam</strong></span> <span class='ocrx_word' id='word_1_114' title='bbox 1600 3054 1668 3115; x_wconf 87' lang='lat' dir='ltr'><strong>et</strong></span> <span class='ocrx_word' id='word_1_115' title='bbox 1696 3050 2096 3133; x_wconf 85' lang='lat' dir='ltr'><strong>gravitatem</strong></span> <span class='ocrx_word' id='word_1_116' title='bbox 2127 3045 2570 3124; x_wconf 85' lang='lat' dir='ltr'><strong>commendat,</strong></span> <span class='ocrx_word' id='word_1_117' title='bbox 2588 3051 2659 3112; x_wconf 88' lang='lat' dir='ltr'><strong>et</strong></span> 
     </span>
     <span class='ocr_line' id='line_1_17' title="bbox 448 3136 2658 3234; baseline 0.001 -22"><span class='ocrx_word' id='word_1_118' title='bbox 448 3136 785 3229; x_wconf 84' lang='lat' dir='ltr'><strong>geminata</strong></span> <span class='ocrx_word' id='word_1_119' title='bbox 817 3149 965 3234; x_wconf 78' lang='lat' dir='ltr'><strong>ejus</strong></span> <span class='ocrx_word' id='word_1_120' title='bbox 991 3149 1340 3234; x_wconf 85' lang='lat' dir='ltr'><strong>pensione,</strong></span> <span class='ocrx_word' id='word_1_121' title='bbox 1385 3168 1684 3217; x_wconf 83' lang='lat' dir='ltr'><strong>sexcena</strong></span> <span class='ocrx_word' id='word_1_122' title='bbox 1731 3150 1948 3215; x_wconf 89' lang='lat' dir='ltr'><strong>millia</strong></span> <span class='ocrx_word' id='word_1_123' title='bbox 1998 3166 2335 3214; x_wconf 89' lang='lat' dir='ltr'><strong>nummum</strong></span> <span class='ocrx_word' id='word_1_124' title='bbox 2364 3148 2520 3228; x_wconf 89' lang='lat' dir='ltr'><strong>(hoc</strong></span> <span class='ocrx_word' id='word_1_125' title='bbox 2550 3154 2658 3214; x_wconf 88' lang='lat' dir='ltr'><strong>est</strong></span> 
     </span>
     <span class='ocr_line' id='line_1_18' title="bbox 446 3248 2656 3335; baseline -0.001 -20"><span class='ocrx_word' id='word_1_126' title='bbox 446 3248 690 3316; x_wconf 77' lang='lat'><strong>26250.</strong></span> <span class='ocrx_word' id='word_1_127' title='bbox 720 3251 929 3317; x_wconf 90' lang='lat' dir='ltr'><strong>libras</strong></span> <span class='ocrx_word' id='word_1_128' title='bbox 961 3251 1362 3332; x_wconf 76' lang='lat' dir='ltr'><strong>Francicus)</strong></span> <span class='ocrx_word' id='word_1_129' title='bbox 1391 3251 1459 3317; x_wconf 91' lang='lat' dir='ltr'><strong>ei</strong></span> <span class='ocrx_word' id='word_1_130' title='bbox 1506 3270 1631 3335; x_wconf 87' lang='lat' dir='ltr'><strong>pro</strong></span> <span class='ocrx_word' id='word_1_131' title='bbox 1687 3251 1942 3317; x_wconf 90' lang='lat' dir='ltr'><strong>salario</strong></span> <span class='ocrx_word' id='word_1_132' title='bbox 1985 3250 2311 3328; x_wconf 82' lang='lat' dir='ltr'><strong>attribuit,</strong></span> <span class='ocrx_word' id='word_1_133' title='bbox 2359 3268 2515 3334; x_wconf 88' lang='lat' dir='ltr'><strong>cap.</strong></span> <span class='ocrx_word' id='word_1_134' title='bbox 2549 3265 2656 3315; x_wconf 81' lang='lat' dir='ltr'><strong>w.</strong></span> 
     </span>
     <span class='ocr_line' id='line_1_19' title="bbox 449 3349 2655 3437; baseline -0 -21"><span class='ocrx_word' id='word_1_135' title='bbox 449 3350 678 3431; x_wconf 83' lang='lat' dir='ltr'><strong>Quam</strong></span> <span class='ocrx_word' id='word_1_136' title='bbox 723 3353 1036 3437; x_wconf 76' lang='lat' dir='ltr'><strong>pecuniae</strong></span> <span class='ocrx_word' id='word_1_137' title='bbox 1082 3370 1410 3419; x_wconf 89' lang='lat' dir='ltr'><strong>summam</strong></span> <span class='ocrx_word' id='word_1_138' title='bbox 1462 3351 1724 3420; x_wconf 82' lang='lat' dir='ltr'><strong>Cae&#39;sari</strong></span> <span class='ocrx_word' id='word_1_139' title='bbox 1770 3354 2138 3419; x_wconf 88' lang='lat' dir='ltr'><strong>obsecutus</strong></span> <span class='ocrx_word' id='word_1_140' title='bbox 2180 3352 2455 3435; x_wconf 89' lang='lat' dir='ltr'><strong>accepit</strong></span> <span class='ocrx_word' id='word_1_141' title='bbox 2502 3349 2655 3436; x_wconf 88' lang='lat' dir='ltr'><strong>qui-</strong></span> 
     </span>
     <span class='ocr_line' id='line_1_20' title="bbox 447 3450 2655 3541; baseline -0.002 -22"><span class='ocrx_word' id='word_1_142' title='bbox 447 3453 623 3535; x_wconf 89' lang='lat' dir='ltr'><strong>dem,</strong></span> <span class='ocrx_word' id='word_1_143' title='bbox 655 3461 733 3521; x_wconf 92' lang='lat' dir='ltr'><strong>ut</strong></span> <span class='ocrx_word' id='word_1_144' title='bbox 759 3456 911 3540; x_wconf 85' lang='lat' dir='ltr'><strong>ipse</strong></span> <span class='ocrx_word' id='word_1_145' title='bbox 942 3457 1060 3532; x_wconf 89' lang='lat' dir='ltr'><strong>ait,</strong></span> <span class='ocrx_word' id='word_1_146' title='bbox 1104 3460 1125 3494; x_wconf 87' lang='lat'>‘</span> <span class='ocrx_word' id='word_1_147' title='bbox 1148 3462 1474 3541; x_wconf 88' lang='lat' dir='ltr'><strong>qnantum</strong></span> <span class='ocrx_word' id='word_1_148' title='bbox 1504 3453 1592 3520; x_wconf 90' lang='lat' dir='ltr'><strong>ad</strong></span> <span class='ocrx_word' id='word_1_149' title='bbox 1619 3454 1938 3520; x_wconf 89' lang='lat' dir='ltr'><strong>honorem</strong></span> <span class='ocrx_word' id='word_1_150' title='bbox 1969 3450 2366 3539; x_wconf 66' lang='lat' dir='ltr'><strong>spectabat:</strong></span> <span class='ocrx_word' id='word_1_151' title='bbox 2392 3471 2454 3517; x_wconf 92' lang='lat' dir='ltr'><strong>c.</strong></span> <span class='ocrx_word' id='word_1_152' title='bbox 2485 3466 2655 3515; x_wconf 80' lang='lat' dir='ltr'><strong>xvr.</strong></span> 
     </span>
     <span class='ocr_line' id='line_1_21' title="bbox 446 3551 2655 3637; baseline -0.002 -14"><span class='ocrx_word' id='word_1_153' title='bbox 446 3576 598 3623; x_wconf 87' lang='lat' dir='ltr'><strong>eam</strong></span> <span class='ocrx_word' id='word_1_154' title='bbox 619 3576 777 3627; x_wconf 79' lang='lat' dir='ltr'><strong>vero</strong></span> <span class='ocrx_word' id='word_1_155' title='bbox 804 3558 891 3625; x_wconf 89' lang='lat' dir='ltr'><strong>ad</strong></span> <span class='ocrx_word' id='word_1_156' title='bbox 908 3557 1361 3624; x_wconf 87' lang='lat' dir='ltr'><strong>AEduensinm</strong></span> <span class='ocrx_word' id='word_1_157' title='bbox 1390 3555 1775 3622; x_wconf 84' lang='lat' dir='ltr'><strong>scholarum</strong></span> <span class='ocrx_word' id='word_1_158' title='bbox 1803 3555 2362 3622; x_wconf 85' lang='lat' dir='ltr'><strong>instaurationem</strong></span> <span class='ocrx_word' id='word_1_159' title='bbox 2392 3551 2655 3637; x_wconf 88' lang='lat' dir='ltr'><strong>impen-</strong></span> 
     </span>
    </p>
   </div>
   <div class='ocr_carea' id='block_1_4' title="bbox 442 3652 2656 3844">
    <p class='ocr_par' dir='ltr' id='par_1_5' title="bbox 442 3652 2656 3844">
     <span class='ocr_line' id='line_1_22' title="bbox 446 3652 2653 3745; baseline -0.004 -21"><span class='ocrx_word' id='word_1_160' title='bbox 446 3658 653 3725; x_wconf 87' lang='lat' dir='ltr'><strong>dendi</strong></span> <span class='ocrx_word' id='word_1_161' title='bbox 682 3664 1091 3745; x_wconf 87' lang='lat' dir='ltr'><strong>potestatem</strong></span> <span class='ocrx_word' id='word_1_162' title='bbox 1124 3658 1260 3725; x_wconf 88' lang='lat' dir='ltr'><strong>sibi</strong></span> <span class='ocrx_word' id='word_1_163' title='bbox 1287 3657 1457 3737; x_wconf 86' lang='lat' dir='ltr'><strong>fieri,</strong></span> <span class='ocrx_word' id='word_1_164' title='bbox 1508 3657 1745 3722; x_wconf 87' lang='lat' dir='ltr'><strong>habita</strong></span> <span class='ocrx_word' id='word_1_165' title='bbox 1787 3677 1938 3723; x_wconf 87' lang='lat' dir='ltr'><strong>eam</strong></span> <span class='ocrx_word' id='word_1_166' title='bbox 1969 3657 2041 3721; x_wconf 94' lang='lat' dir='ltr'><strong>in</strong></span> <span class='ocrx_word' id='word_1_167' title='bbox 2071 3675 2211 3722; x_wconf 86' lang='lat' dir='ltr'><strong>rem</strong></span> <span class='ocrx_word' id='word_1_168' title='bbox 2240 3653 2370 3718; x_wconf 88' lang='lat' dir='ltr'><strong>hac</strong></span> <span class='ocrx_word' id='word_1_169' title='bbox 2392 3652 2653 3734; x_wconf 65' lang='lat' dir='ltr'><strong>elegan-</strong></span> 
     </span>
     <span class='ocr_line' id='line_1_23' title="bbox 442 3753 2656 3844; baseline -0.001 -18"><span class='ocrx_word' id='word_1_170' title='bbox 442 3760 710 3827; x_wconf 88' lang='lat' dir='ltr'><strong>tissima</strong></span> <span class='ocrx_word' id='word_1_171' title='bbox 736 3760 1067 3837; x_wconf 88' lang='lat' dir='ltr'><strong>oratione,</strong></span> <span class='ocrx_word' id='word_1_172' title='bbox 1113 3758 1330 3844; x_wconf 85' lang='lat' dir='ltr'><strong>petiit.</strong></span> <span class='ocrx_word' id='word_1_173' title='bbox 1417 3757 1871 3829; x_wconf 84' lang='lat' dir='ltr'><strong>Numerosam</strong></span> <span class='ocrx_word' id='word_1_174' title='bbox 1913 3756 2051 3825; x_wconf 89' lang='lat' dir='ltr'><strong>sibi</strong></span> <span class='ocrx_word' id='word_1_175' title='bbox 2092 3753 2398 3821; x_wconf 87' lang='lat' dir='ltr'><strong>sobolem</strong></span> <span class='ocrx_word' id='word_1_176' title='bbox 2439 3754 2656 3823; x_wconf 80' lang='lat' dir='ltr'><strong>fuisse</strong></span> 
     </span>
    </p>
   </div>
   <div class='ocr_carea' id='block_1_5' title="bbox 440 3856 2659 4255">
    <p class='ocr_par' dir='ltr' id='par_1_6' title="bbox 440 3856 2659 4255">
     <span class='ocr_line' id='line_1_24' title="bbox 443 3856 2652 3941; baseline -0.003 -12"><span class='ocrx_word' id='word_1_177' title='bbox 443 3867 728 3929; x_wconf 88' lang='lat' dir='ltr'><strong>testatur</strong></span> <span class='ocrx_word' id='word_1_178' title='bbox 755 3860 928 3929; x_wconf 86' lang='lat' dir='ltr'><strong>Pan.</strong></span> <span class='ocrx_word' id='word_1_179' title='bbox 964 3877 1106 3927; x_wconf 84' lang='lat' dir='ltr'><strong>vu.</strong></span> <span class='ocrx_word' id='word_1_180' title='bbox 1133 3860 1243 3926; x_wconf 75' lang='lat'><strong>23.</strong></span> <span class='ocrx_word' id='word_1_181' title='bbox 1287 3858 1406 3924; x_wconf 90' lang='lat' dir='ltr'><strong>ubi</strong></span> <span class='ocrx_word' id='word_1_182' title='bbox 1436 3877 1764 3927; x_wconf 84' lang='lat' dir='ltr'><strong>conversa</strong></span> <span class='ocrx_word' id='word_1_183' title='bbox 1793 3857 1881 3925; x_wconf 88' lang='lat' dir='ltr'><strong>ad</strong></span> <span class='ocrx_word' id='word_1_184' title='bbox 1911 3856 2424 3923; x_wconf 83' lang='lat' dir='ltr'><strong>Constantinum</strong></span> <span class='ocrx_word' id='word_1_185' title='bbox 2459 3856 2652 3941; x_wconf 74' lang='lat' dir='ltr'><strong>Mag-</strong></span> 
     </span>
     <span class='ocr_line' id='line_1_25' title="bbox 440 3958 2653 4046; baseline -0.002 -17"><span class='ocrx_word' id='word_1_186' title='bbox 440 3983 598 4030; x_wconf 89' lang='lat' dir='ltr'><strong>nnm</strong></span> <span class='ocrx_word' id='word_1_187' title='bbox 629 3964 966 4030; x_wconf 82' lang='lat' dir='ltr'><strong>oratione:</strong></span> <span class='ocrx_word' id='word_1_188' title='bbox 1000 3969 1019 3999; x_wconf 87' lang='lat'>‘</span> <span class='ocrx_word' id='word_1_189' title='bbox 1049 3960 1434 4041; x_wconf 85' lang='lat' dir='ltr'><strong>Maximas‚&#39;</strong></span> <span class='ocrx_word' id='word_1_190' title='bbox 1459 3960 1709 4046; x_wconf 89' lang='lat' dir='ltr'><strong>inquit,</strong></span> <span class='ocrx_word' id='word_1_191' title='bbox 1739 3966 1761 3998; x_wconf 88' lang='lat'>‘</span> <span class='ocrx_word' id='word_1_192' title='bbox 1784 3959 2042 4027; x_wconf 87' lang='lat' dir='ltr'><strong>numini</strong></span> <span class='ocrx_word' id='word_1_193' title='bbox 2068 3967 2193 4025; x_wconf 86' lang='lat' dir='ltr'><strong>tuo</strong></span> <span class='ocrx_word' id='word_1_194' title='bbox 2226 3958 2479 4042; x_wconf 85' lang='lat' dir='ltr'><strong>gratias</strong></span> <span class='ocrx_word' id='word_1_195' title='bbox 2500 3976 2653 4043; x_wconf 85' lang='lat' dir='ltr'><strong>ago,</strong></span> 
     </span>
     <span class='ocr_line' id='line_1_26' title="bbox 440 4058 2659 4150; baseline -0.002 -19"><span class='ocrx_word' id='word_1_196' title='bbox 440 4066 700 4150; x_wconf 83' lang='lat' dir='ltr'><strong>tibique</strong></span> <span class='ocrx_word' id='word_1_197' title='bbox 727 4066 912 4150; x_wconf 93' lang='lat' dir='ltr'><strong>quod</strong></span> <span class='ocrx_word' id='word_1_198' title='bbox 961 4071 1273 4150; x_wconf 87' lang='lat' dir='ltr'><strong>superest</strong></span> <span class='ocrx_word' id='word_1_199' title='bbox 1300 4062 1701 4130; x_wconf 89' lang='lat' dir='ltr'><strong>commendo</strong></span> <span class='ocrx_word' id='word_1_200' title='bbox 1740 4058 1997 4129; x_wconf 88' lang='lat' dir='ltr'><strong>liberos</strong></span> <span class='ocrx_word' id='word_1_201' title='bbox 2029 4080 2236 4139; x_wconf 89' lang='lat' dir='ltr'><strong>meos,</strong></span> <span class='ocrx_word' id='word_1_202' title='bbox 2278 4060 2659 4147; x_wconf 80' lang='lat' dir='ltr'><strong>praecipue.-</strong></span> 
     </span>
     <span class='ocr_line' id='line_1_27' title="bbox 441 4161 2655 4255; baseline 0 -22"><span class='ocrx_word' id='word_1_203' title='bbox 441 4185 576 4254; x_wconf 88' lang='lat' dir='ltr'><strong>que</strong></span> <span class='ocrx_word' id='word_1_204' title='bbox 616 4167 810 4235; x_wconf 85' lang='lat' dir='ltr'><strong>illum</strong></span> <span class='ocrx_word' id='word_1_205' title='bbox 850 4168 999 4253; x_wconf 88' lang='lat' dir='ltr'><strong>jam</strong></span> <span class='ocrx_word' id='word_1_206' title='bbox 1028 4186 1293 4237; x_wconf 89' lang='lat' dir='ltr'><strong>summa</strong></span> <span class='ocrx_word' id='word_1_207' title='bbox 1319 4166 1473 4234; x_wconf 84' lang='lat' dir='ltr'><strong>fisci</strong></span> <span class='ocrx_word' id='word_1_208' title='bbox 1500 4166 1886 4252; x_wconf 82' lang='lat' dir='ltr'><strong>patrocinia</strong></span> <span class='ocrx_word' id='word_1_209' title='bbox 1914 4169 2330 4245; x_wconf 83' lang='lat' dir='ltr'><strong>tractantem,</strong></span> <span class='ocrx_word' id='word_1_210' title='bbox 2357 4161 2428 4227; x_wconf 87' lang='lat' dir='ltr'><strong>in</strong></span> <span class='ocrx_word' id='word_1_211' title='bbox 2457 4181 2655 4255; x_wconf 85' lang='lat' dir='ltr'><strong>quem</strong></span> 
     </span>
    </p>
   </div>
  </div>
 </body>
</html>
