3084 4959
478 338 654 406 1262
1244 352 1574 404 sumnsu
1624 352 1910 403 onsrro
1961 353 1965 357 ’

475 502 639 567 vitae
667 506 916 565 nostrae
947 499 1296 566 commoda
1324 499 1507 584 apud
1532 499 1969 564 auxiliatores
2007 518 2234 564 eorum
2281 500 2472 565 Deos
2500 501 2665 566 coli-

475 623 652 682 mus,
691 603 788 691 ita
824 603 1221 685 singularem
1266 601 1625 667 eorundem
1657 621 1815 686 erga
1851 601 2082 667 literas
2113 601 2564 684 dignationem
2594 605 2666 668 iu

476 707 753 791 antiqua
804 706 1148 771 literarum
1205 696 1368 770 sede
1426 705 1851 769 celebremus.
1936 705 2005 768 2.
2045 703 2294 770 Videat
2343 712 2668 788 praeterea

474 812 549 876 in
605 810 754 875 illis-
800 809 1175 895 porticibus
1223 807 1573 890 juventus,
1633 815 1703 871 et
1759 807 2060 892 quotidie
2118 814 2382 891 spectet
2435 827 2669 873 omnes

478 919 712 991 terras,
752 922 822 979 et
864 918 1110 977 cuncta
1153 909 1379 986 maria,
1405 917 1475 974 et
1501 910 1825 995 quicquid
1864 910 2286 976 invictissimi
2318 911 2671 996 Principes

475 1015 761 1094 urbium,
823 1015 1136 1099 gentium,
1185 1012 1530 1078 nationum
1596 1020 1718 1077 aut
1786 1014 2037 1098 pietate
2102 1014 2489 1090 restituunt,
2551 1021 2671 1079 aut

478 1117 723 1182 virtute
777 1116 1164 1195 conficiunt,
1222 1120 1343 1180 ant
1398 1120 1642 1180 terrore
1700 1113 2113 1180 devinciunt.
2197 1117 2263 1180 3.
2318 1116 2669 1202 Siquidem

475 1219 640 1302 illic,
669 1226 741 1285 ut
767 1221 922 1304 ipse
952 1218 1210 1296 vidisti,
1242 1215 1466 1297 credo,
1491 1218 1894 1284 instruendae
1933 1220 2243 1303 pueritiae
2272 1239 2506 1299 causa,
2537 1234 2671 1311 quo

478 1321 902 1388 manifestius
924 1321 1142 1387 oculis
1157 1318 1185 1357 ι’
1214 1320 1653 1399 discerentur,
1675 1342 1831 1406 quse
1855 1320 2196 1387 difficilius
2219 1322 2673 1407 percipiuntur

480 1423 736 1502 auditu,
765 1425 1067 1488 omnium
1090 1443 1242 1488 cum
1271 1424 1655 1490 nominibus
1684 1426 1830 1489 suis
1873 1424 2170 1490 locorum
2201 1427 2397 1504 situS,
2426 1426 2672 1510 spatia,

477 1526 832 1593 intervalla
861 1527 1195 1612 descripta
1238 1534 1414 1606 sunt,
1446 1529 1769 1613 quicquid
1801 1529 2058 1614 ubique
2084 1529 2426 1595 fluminum
2466 1531 2673 1594 oritur

476 1636 545 1694 et
573 1629 903 1708 conditur,
934 1649 1361 1715 quacumque
1393 1650 1465 1694 se
1508 1631 1785 1696 litorum
1829 1633 2024 1697 sinus
2060 1631 2358 1711 flectunt,
2387 1651 2523 1716 qua
2564 1631 2673 1697 vel

478 1733 737 1798 ambitu
770 1733 979 1816 cingit
1003 1733 1252 1811 orbem,
1281 1733 1391 1798 vel
1412 1734 1671 1818 impetu
1703 1735 2016 1818 irrumpit
2044 1735 2380 1801 Oceanus.

1396 1898 1631 1920 OO'OOON
1637 1900 1762 1932 OOOO*

475 2006 760 2068 hegen—2
782 2005 799 2033 ‘
820 2005 984 2054 Rhen.
1002 2005 1168 2054 Liviu.
1191 2006 1440 2054 nationum
1460 2010 1544 2055 aut
1567 2006 1748 2059 uirtute
1765 2009 1947 2059 deviae.
1971 2015 2057 2059 aut
2089 2015 2290 2066 terrore,
2312 2009 2507 2058 omissis
2533 2009 2671 2059 voci-

481 2073 574 2121 bus
609 2071 786 2135 pietate
806 2071 1084 2120 restituunt.
1153 2071 1453 2134 Cuspinian.
1480 2071 1647 2121 Paris.
1671 2073 1864 2123 cellar.
1891 2077 2073 2124 Patar.
2094 2076 2338 2125 nationum
2369 2080 2454 2124 aut
2490 2077 2669 2138 pietate

479 2137 745 2188 restituunt
763 2141 845 2186 aut
867 2138 1047 2186 uirtute
1079 2136 1332 2186 devincunt
1365 2142 1450 2187 aut
1480 2142 1676 2188 terrore.
1741 2141 1911 2190 Voces
1945 2142 2128 2204 pietate
2147 2142 2407 2191 restituunt
2430 2141 2673 2204 leguntur

480 2205 633 2253 etiam
652 2203 704 2251 in
728 2201 846 2251 cod.
867 2201 1184 2252 Bertiniensi
1209 2210 1314 2252 eta
1336 2202 1658 2252 Schonhovio
1680 2218 1785 2255 orae
1813 2207 1897 2255 ed.
1923 2207 2086 2256 Rhen.
2109 2207 2353 2270 ascriptae
2368 2213 2506 2254 sunt.
2539 2207 2671 2256 Cod.

480 2268 729 2329 Putesni,
763 2272 846 2316 aut
880 2269 1061 2332 pietate
1094 2267 1352 2317 restituunt
1386 2273 1471 2316 aut
1513 2268 1692 2319 uirtute
1725 2272 1993 2336 concipiunt
2024 2278 2111 2323 aut
2145 2277 2327 2321 terrore
2361 2271 2636 2321 devinciunt
2651 2287 2671 2330 ,-

480 2333 656 2382 Moerl.
686 2336 771 2381 aut
791 2331 910 2395 piet.
934 2335 1049 2382 rest.
1070 2337 1152 2381 aut
1174 2332 1355 2382 virtute
1388 2332 1642 2397 conjiciunt
1675 2341 1758 2384 aut
1791 2341 1971 2386 ten-ore
2001 2337 2290 2387 devinciunt.
2354 2337 2442 2386 Sic
2463 2344 2517 2385 et
2536 2336 2674 2386 Gud.

477 2406 702 2460 excepto
716 2396 851 2462 quod
867 2399 1115 2448 devincunt
1135 2396 1367 2461 praefert.
1402 2397 1555 2447 Hanc
1573 2399 1848 2452 lectionem
1864 2404 2032 2451 Moerl.
2045 2403 2269 2452 omnium
2283 2403 2528 2465 optimam
2545 2418 2674 2458 esse,

477 2463 687 2519 nemini,
707 2463 911 2526 opinor,
928 2462 1199 2512 obscurum
1217 2465 1333 2512 erit.
1369 2462 1507 2514 Quid
1526 2465 1715 2528 aptius,
1733 2482 1881 2531 qnam
1900 2476 1953 2516 et
1972 2470 2084 2518 voci
2098 2475 2276 2518 terrore
2290 2470 2502 2517 verbum
2526 2483 2674 2518 suum

481 2529 712 2591 adjungi,
735 2528 870 2577 sicut
887 2527 1069 2591 pietate
1091 2537 1142 2578 et
1163 2529 1340 2578 virtute
1364 2529 1542 2578 addita
1562 2531 1662 2579 sibi
1682 2528 1911 2582 habent?
1942 2533 2002 2582 τὸ
2034 2533 2308 2598 conficiunt,
2335 2534 2371 2582 i.
2409 2548 2455 2582 e.
2496 2532 2671 2582 debel-

480 2595 611 2658 lant,
631 2593 868 2643 firmatur
898 2596 1158 2656 scriptura
1193 2595 1419 2643 Puteani
1441 2595 1559 2646 cod.
1593 2598 1773 2647 vitiosa
1792 2598 2065 2662 concipiunt
2079 2615 2100 2657 ;
2134 2609 2188 2648 et
2210 2598 2485 2649 devinciunt
2507 2599 2672 2662 ejusd.

478 2659 596 2708 cod.
618 2660 799 2723 script.
820 2659 1112 2709 deviuicunt.
1159 2659 1323 2708 Rhen.
1342 2668 1397 2709 et
1436 2661 1726 2724 Stephanus
1747 2664 1975 2728 quidem,
1999 2665 2073 2715 uti
2096 2666 2252 2714 etiam
2283 2664 2406 2714 Vet.
2434 2665 2673 2726 Livineii,

477 2725 797 2775 Bertiniens.
818 2733 873 2774 et
894 2724 1114 2788 Cuspin.
1135 2724 1331 2776 habent
1350 2726 1604 2776 devincunt
1624 2743 1646 2786 ;
1677 2730 1768 2778 sed
1789 2730 1886 2779 hoc
1905 2731 2205 2780 vocabulum
2224 2744 2326 2779 uon
2349 2731 2476 2779 satis
2497 2727 2673 2779 differt

480 2791 777 2854 significatu
817 2806 849 2839 a
886 2804 1012 2839 voce
1046 2790 1316 2855 conficiunt.
1383 2793 1398 2817 ‘
1418 2792 1730 2842 Devincire’
1771 2804 1850 2845 est
1874 2796 1924 2844 Ιι.
1946 2796 1981 2847 l.
2004 2797 2226 2860 aliquem
2242 2811 2306 2845 eo
2329 2795 2586 2857 redigere,
2612 2804 2671 2847 ut

481 2870 671 2904 nocere
696 2869 795 2904 non
819 2855 979 2919 possit
1003 2857 1084 2902 vel
1109 2868 1209 2903 nou
1236 2856 1425 2904 audeat
1447 2872 1463 2916 ;
1496 2857 1653 2922 idque
1677 2861 1851 2910 terrori
1871 2863 2103 2924 apprime
2129 2862 2390 2913 convenit.
2449 2861 2537 2910 Sic
2559 2861 2670 2913 Cic.

481 2921 532 2970 in
561 2922 733 2971 Pison.
752 2935 802 2970 c.
828 2924 905 2969 13.
928 2918 994 2969 de
1016 2920 1111 2970 Cn.
1135 2919 1414 2984 Pompeio:
1451 2929 1466 2950 ‘
1486 2924 1594 2974 Qui
1615 2938 1793 2974 ornnes
1813 2929 2038 2976 omnium
2060 2927 2288 2992 gentium
2307 2934 2484 2991 partes
2510 2926 2672 2981 tribus

479 2987 750 3050 triumphis
786 2985 1124 3034 devinxerat:
1140 2983 1155 3006 ’
1191 2987 1474 3048 dargan—3
1513 2989 1687 3039 Moerl.
1720 2990 2029 3042 imtituendae
2067 2992 2310 3057 pueritia.
2382 2997 2397 3020 ‘
2430 2991 2668 3040 Alterum

478 3057 658 3102 tuetur
682 3050 841 3102 Ovid.
863 3050 1084 3100 Heroid.
1110 3062 1228 3100 xv1.
1250 3055 1365 3101 364.
1385 3053 1547 3102 Trist.
1571 3067 1632 3105 11.
1655 3054 1790 3105 3183
1814 3057 2046 3107 Armzen.
2113 3059 2262 3118 Mox,
2288 3057 2501 3120 Cuspin.
2534 3056 2671 3106 Rhe-

478 3131 600 3167 nsn.
620 3115 804 3181 Steph.
826 3117 993 3166 Livin.
1008 3116 1059 3164 in
1084 3123 1254 3175 textu,
1271 3132 1414 3181 quove
1426 3118 1641 3180 ambian
1676 3122 1800 3171 Vet.
1824 3122 1991 3171 Livin.
2014 3130 2068 3173 et
2081 3123 2286 3171 Berlin.
2302 3137 2428 3187 quos
2451 3136 2673 3185 sequun-

477 3189 565 3232 tur
601 3182 943 3240 Parisienses,
971 3181 1162 3230 Cellar.
1200 3182 1432 3233 Patarol.
1478 3199 1569 3247 quo
1605 3186 1713 3245 vel,·
1759 3187 1876 3235 cod.
1913 3187 2039 3236 Put.
2071 3194 2126 3237 et
2163 3187 2336 3236 Moerl.
2374 3202 2490 3236 cum
2529 3188 2671 3236 Gud.

476 3264 571 3313 qua
590 3249 681 3297 vel.
713 3247 843 3296 Voc.
862 3247 1060 3311 impetu,
1083 3248 1217 3309 quod
1233 3255 1443 3297 servant
1467 3248 1622 3297 codd.
1645 3251 1767 3301 Put.
1783 3251 2005 3317 Guelph.
2025 3252 2199 3303 Moerl.
2218 3258 2271 3302 et
2295 3253 2500 3302 Berlin.
2520 3252 2670 3303 deest

478 3318 531 3375 in
558 3313 680 3364 edd.
705 3313 941 3364 Rhenan.
965 3312 1177 3376 Cuspin.
1200 3313 1380 3378 Steph.
1397 3321 1453 3362 et
1475 3314 1646 3364 Livin.

1462 3469 1676 3521 NOTAE

474 3569 596 3620 mihi
632 3568 696 3618 ab
730 3567 1128 3632 imperatoribus
1151 3581 1415 3630 concessa,
1440 3568 1533 3618 im·
1614 3585 1743 3636 pore
1795 3570 2104 3635 prostitisse.
2167 3571 2287 3623 Jam
2330 3572 2465 3620 enim
2509 3570 2670 3622 Alex·

475 3647 736 3713 pendatur
769 3646 888 3695 huic
920 3646 1066 3709 operi
1101 3644 1455 3708 instaurando,
1478 3645 1533 3696 id
1615 3646 1761 3696 andri
1801 3654 1962 3699 aetate
2002 3648 2252 3711 eiusmodi
2292 3648 2493 3698 tabulas
2535 3651 2670 3698 exti‘·

477 3732 578 3778 est.
608 3721 950 3772 resarciendis
981 3721 1185 3784 scholis,
1205 3737 1319 3786 quae
1344 3722 1531 3772 doctri·
1616 3722 1742 3773 tisse
1778 3722 1943 3775 refert
1964 3724 2152 3774 AElisn.
2172 3724 2299 3773 Ver.
2333 3737 2419 3775 ιιι.
2451 3729 2533 3775 28.
2599 3726 2669 3774 Et

475 3813 558 3848 nae
581 3807 636 3847 et
657 3798 965 3860 eloquentiae
986 3797 1240 3847 dedicatae
1265 3806 1405 3849 sunt.
1614 3800 1782 3851 Varro
1826 3801 1915 3850 lib.
1955 3801 2023 3851 de
2062 3802 2140 3851 Re
2182 3801 2335 3850 Rust.
2378 3805 2394 3829 ‘
2416 3798 2669 3864 Offendi,·'

543 3875 567 3910 b
600 3874 910 3936 manifestius
952 3876 1118 3939 oeulis]
1176 3875 1307 3925 Nam
1357 3883 1417 3925 ut
1460 3876 1536 3926 sit
1613 3877 1802 3944 inquit,
1839 3879 2200 3930 ‘Fundanium
2235 3891 2467 3927 socerum
2500 3891 2667 3928 meum

481 3952 673 4002 Horat.
692 3952 760 4001 de
782 3951 915 4002 Arte
944 3952 1096 4003 Poet.
1123 3967 1198 4002 vs.
1221 3956 1336 4002 180.
1372 3955 1388 3981 ⁶
1407 3953 1533 4016 Seg-
1615 3964 1671 4005 et
1693 3957 1754 4007 C.
1774 3956 1992 4019 Agrium
2014 3956 2243 4021 equitem
2268 3955 2556 4005 Romanum
2573 3955 2668 4003 So—

366 4079 370 4082 ,
477 4029 590 4078 nius
621 4029 824 4079 irritant
856 4029 1051 4078 animos
1080 4029 1305 4079 demissa
1327 4042 1423 4093 per
1444 4045 1533 4081 su·
1616 4034 1886 4091 creticum,
1925 4040 1980 4082 et
2019 4033 2084 4083 P.
2122 4031 2396 4095 Agusium
2437 4031 2668 4095 publicu·

478 4121 580 4169 res,
604 4107 768 4158 Quam
800 4121 912 4170 quae
943 4114 1065 4155 sunt
1100 4105 1263 4156 oculis
1299 4107 1535 4171 subjecta
1614 4121 1754 4173 num,
1795 4116 2098 4172 spectantes
2140 4108 2193 4156 in
2238 4109 2436 4171 pariete
2475 4109 2666 4170 pictam

478 4181 750 4232 fidelibus!
807 4183 945 4232 Nota
966 4190 1139 4232 nutem
1161 4183 1536 4247 geographicas
1616 4185 1857 4237 Italiam)
1923 4186 2078 4249 Apud
2115 4185 2361 4248 Propert.
2396 4197 2472 4234 lv.
2505 4189 2552 4234 8.
2584 4189 2668 4235 87.

477 4258 684 4309 tabulas
725 4272 828 4309 non
870 4259 1103 4309 Eumenii
1140 4259 1359 4323 primum
1404 4268 1533 4311 tem·
1617 4268 1632 4290 ‘
1654 4261 1824 4328 Cogor
1858 4269 1914 4313 et
1948 4277 1980 4312 e
2014 4260 2193 4312 tabula
2230 4263 2398 4326 pictos
2435 4261 2668 4312 ediscere
