3084 4959
834 366 946 414 m..
995 365 1308 415 vunnu
1359 364 1884 415 consummi
1937 366 2211 417 MAcm.
2410 349 2588 417 1313

377 507 714 576 Licinium
746 506 965 592 Augg.
995 508 1177 573 bello
1206 514 1525 594 suscepto
1550 528 1593 576 a
1622 509 1891 576 Licinio
1918 519 2300 596 superatus,
2327 514 2397 584 in
2427 512 2584 580 Asi-

381 632 491 679 am
520 612 716 699 fugit,
747 612 867 677 ubi
898 613 1277 680 miserando
1307 615 1543 700 mortis
1584 633 1826 696 genere
1857 615 2076 698 periit.
2143 615 2309 682 Vid.
2336 615 2588 682 Enoch.

381 715 638 782 zosim.
725 715 1218 801 Constantinus
1248 716 1515 781 delatas
1555 717 1645 783 ad
1688 736 1761 782 se
1803 718 2055 783 cumin
2102 717 2352 784 Galliis
2401 723 2591 784 esset

379 818 451 883 in
474 814 860 902 Agrippina
896 818 1177 883 civitate
1226 819 1748 885 Donatistarum
1791 819 1863 885 in
1909 818 2146 887 Africa
2187 821 2592 888 turbantium

381 920 898 998 controversias,
958 920 1334 986 Melchiadi
1409 921 1740 988 Pontifici
1811 922 2124 990 Romano
2180 922 2592 990 dirimendas

381 1023 755 1101 committit,
784 1041 828 1087 a
859 1042 998 1106 quo
1026 1023 1125 1088 illi
1159 1024 1582 1090 damnantur.

483 1172 576 1239 A.
608 1173 700 1239 U.
727 1174 807 1240 C.
840 1189 1154 1239 Mnxvn.
1218 1174 1474 1240 Christi
1507 1153 1814 1241 cccxi'v.
1883 1176 2120 1244 Const.
2145 1175 2331 1262 Imp.
2366 1191 2480 1239 rx.

1251 1279 1469 1344 AEtat.
1513 1296 1714 1343 xnn.

468 1395 721 1461 Iterum
775 1395 1166 1489 Donatistae
1228 1396 1316 1460 ab
1365 1396 1647 1461 AEliano
1699 1396 1956 1468 Africae
2007 1397 2407 1482 proconsule
2458 1412 2595 1462 xv.

385 1497 548 1565 Kal.
579 1498 784 1564 Mart.
811 1505 882 1562 et
912 1498 1000 1562 ad
1034 1498 1195 1563 Kal.
1226 1497 1406 1581 Aug.
1439 1498 1840 1564 damnantur
1880 1520 1922 1564 a
1960 1501 2220 1584 synodo
2244 1497 2598 1565 Arelaten-

383 1602 467 1677 si,
501 1601 609 1667 cui
637 1602 787 1687 ipse
818 1600 1308 1666 Constantinus
1341 1621 1495 1666 cum
1521 1602 1858 1678 ducentiS,
1888 1610 1966 1668 ut
1995 1602 2091 1668 ait
2114 1601 2407 1685 August.
2437 1586 2596 1666 con-

381 1710 486 1786 tra
527 1704 839 1768 Parmen.
895 1720 945 1766 1.
996 1704 1060 1769 5.
1108 1704 1218 1769 vel
1264 1710 1342 1769 ut
1390 1700 1553 1770 Ado
1600 1704 2031 1783 Viennensis,
2076 1724 2231 1771 cum
2281 1704 2601 1770 trecentis

387 1804 739 1892 episcopis
769 1807 1178 1872 interfuerat.
1589 1799 1624 1834 ”

502 1974 584 2044 A.
622 1975 714 2042 U.
748 1973 825 2039 C.
861 1990 1210 2038 Mnxvm.
1280 1973 1532 2041 Christi
1566 1992 1844 2041 cchV.
1913 1973 2154 2041 Const.
2186 1973 2361 2059 Imp.
2397 1989 2479 2037 x.

1255 2077 1465 2142 AEtat.
1499 2094 1761 2143 xmn..

476 2195 645 2263 Cum
679 2196 1160 2263 Constantinus
1195 2212 1298 2260 ιν.
1344 2215 1489 2261 cos.
1543 2195 1809 2262 Licinio
1859 2213 1961 2262 ιν.
2007 2194 2142 2260 col.
2171 2192 2601 2270 Bassianum,

389 2300 502 2366 cui
532 2319 684 2381 cum
717 2299 940 2365 Italiae
980 2298 1567 2367 administratione
1610 2297 2052 2364 Anastasiam
2104 2316 2408 2365 sororem
2438 2313 2601 2360 con·

377 2403 611 2489 jugem
640 2401 936 2479 dederat,
966 2400 1252 2466 insidias
1299 2401 1433 2484 ipsi
1483 2400 1867 2466 molientem
1918 2405 2132 2466 morte
2181 2398 2603 2475 mulctasset,

388 2509 454 2569 et
483 2505 808 2570 Sinicium
842 2503 992 2588 ejus
1015 2503 1288 2567 fratrem
1320 2502 1529 2567 totius
1556 2501 1835 2567 sceleris
1863 2503 2276 2568 incentorem
2300 2506 2368 2565 et
2390 2499 2603 2564 archi-

387 2610 640 2672 tectum
668 2627 710 2671 a
748 2606 1031 2685 Licinio,
1061 2607 1261 2690 cujus
1293 2610 1524 2689 partes
1553 2607 1989 2689 sequebatur,
2020 2605 2444 2689 repetiisset;
2490 2621 2605 2665 ne-

390 2716 590 2793 gante
621 2709 910 2788 Licinio,
941 2709 1051 2773 cui
1069 2710 1214 2792 jam
1246 2708 1737 2774 Constantinus
1767 2713 2041 2792 propter
2071 2698 2384 2790 dejectas
2404 2705 2491 2769 ab
2524 2723 2607 2767 eo

394 2812 578 2895 apud
608 2811 966 2875 AEmonam
1000 2817 1258 2875 statuas
1287 2830 1470 2889 suas»,
1501 2810 1613 2876 vel
1654 2816 1731 2875 ut
1777 2811 1876 2875 ait
1919 2809 2282 2887 Eusebius,
2332 2812 2609 2891 propter

392 2913 802 2978 malevolum
853 2914 1040 2978 illius
1090 2932 1246 2995 erga
1296 2913 1718 2978 Christianos
1758 2913 2051 2976 animum
2096 2916 2242 2975 ‘erat
2279 2909 2606 2984 infensus,

394 3015 642 3082 bellum
673 3016 736 3079 ei
766 3015 1032 3091 indicit,
1075 3022 1144 3078 et
1191 3014 1479 3096 primum
1524 3015 1613 3079 ad
1660 3013 1952 3079 Cibalim
1994 3011 2304 3093 (Cibalas
2350 3010 2471 3075 alii
2514 3009 2607 3073 le-

393 3118 593 3201 gunt)
617 3118 988 3182 Pannoniae
1014 3115 1367 3200 oppidum,
1380 3118 1596 3200 juxta
1619 3116 1937 3199 paludem
1965 3114 2293 3180 Hiulcam
2314 3113 2610 3188 nomine,

278 3235 283 3240 ’
394 3228 538 3288 tum
571 3221 821 3299 Sirmii,
857 3220 1127 3286 tandem
1160 3219 1231 3282 in
1261 3238 1509 3302 campo
1548 3219 1924 3285 Mardiensi
1967 3218 2355 3284 Licinianos
2384 3215 2609 3299 profli-

396 3330 537 3407 gat.
584 3322 698 3389 Ita
729 3324 1010 3408 Eutrop.
1041 3321 1302 3414 Victor.
1356 3320 1456 3387 At
1487 3322 1972 3388 Constantinus
2004 3340 2270 3385 summo
2303 3317 2609 3384 victoriae

384 3427 542 3511 jure
562 3428 668 3491 uti
696 3427 931 3492 nolens
961 3446 1198 3510 pacem
1223 3425 1497 3490 Licinio
1531 3446 1616 3492 ea
1645 3425 2030 3492 conditione
2063 3424 2272 3501 dedit,
2301 3429 2379 3488 ut
2408 3425 2431 3455 ⁶
2458 3420 2611 3504 ipse

396 3529 696 3612 IllyrioS,
724 3549 983 3594 omnem
1013 3528 1460 3607 Dardaniam,
1494 3530 1839 3606 Moesiam,
1873 3527 2372 3603 Macedoniam,
2405 3531 2477 3587 et
2516 3523 2617 3586 ul-

397 3632 673 3698 teriores
724 3633 791 3695 in
843 3630 1282 3696 Occidentem
1324 3633 1754 3716 provincias3
1802 3630 2114 3694 Licinius
2156 3625 2520 3691 Thraciam
2549 3628 2617 3686 et

397 3733 714 3798 ulteriora
743 3734 813 3797 in
838 3731 1187 3796 Orientem
1211 3734 1528 3799 retineret
1548 3754 1568 3815 ς
1588 3732 1855 3799 Valens
1883 3749 2011 3797 ceu
2028 3728 2351 3794 malorum
2375 3733 2617 3792 auctor

400 3834 790 3901 tolleretur!
863 3834 1045 3899 Hoec
1077 3854 1116 3899 e
1151 3834 1457 3899 Zosimo.

509 3986 600 4053 A.
633 3986 726 4052 U.
754 3985 832 4053 C.
866 4001 1125 4050 MLXX.
1191 3985 1440 4052 Christi
1472 4002 1821 4053 cccxvii.
1884 3984 2119 4052 Const.
2151 3985 2329 4070 Imp.
2362 3998 2509 4048 xu.

1299 4088 1512 4153 AEtat.
1546 4103 1730 4152 xnv.

489 4207 663 4275 Cum
694 4208 1031 4274 Licinium
1059 4207 1434 4296 opprImere
1458 4190 1732 4274 difficile
1752 4214 2031 4293 propter
2051 4206 2205 4294 ejus
2222 4208 2619 4294 potentiam,

523 4327 705 4392 Delpk.
723 4332 772 4379 et
798 4326 918 4381 Ver.
942 4328 1078 4380 Clas.
1360 4325 1551 4390 Paneg.
1580 4325 1688 4379 Vet-
2371 4330 2404 4377 4
2439 4326 2489 4377 O
