3084 4959
660 665 1157 864 LATINI
1274 751 1790 859 PACATI
1912 745 2511 856 DREPAN
2530 741 2703 850 ΙΙ*

1183 957 2160 1119 PANEGYRICUS

897 1269 1555 1351 THEODOSIO
1660 1267 1918 1346 AUG.
2020 1264 2452 1344 DICTUS.

1222 1767 1587 1819 SYNoPsts
1633 1764 2133 1848 PAKRGYth.

580 1891 646 1941 In
672 1890 903 1942 Exordio
928 1904 1045 1940 cnm
1069 1890 1231 1939 multa
1273 1888 1375 1938 sibi
1395 1887 1596 1938 dicenti
1624 1891 1819 1936 metum
1858 1882 2100 1948 afferant,
2135 1891 2246 1936 tum
2281 1884 2515 1949 inprimis
2548 1898 2772 1935 commo·

648 1973 757 2023 veri
779 1988 837 2023 se
865 1973 959 2034 ait,
992 1970 1131 2038 qnod
1155 1985 1329 2021 coram
1358 1970 1696 2033 imperatore,
1731 1981 1907 2017 coram
1945 1974 2151 2029 senatu,
2186 1966 2384 2031 Romae,
2416 1966 2568 2016 borno
2591 1966 2774 2017 Gallus

645 2054 822 2105 dicat:
856 2052 1111 2104 accedere
1134 2066 1192 2101 se
1216 2060 1390 2103 tamen
1410 2050 1476 2100 ad
1495 2048 1812 2099 laudandum
1835 2048 2215 2109 Theodosinm3
2248 2055 2306 2098 et
2329 2048 2448 2113 qnia
2463 2048 2616 2113 longo
2633 2049 2775 2098 loeo·

645 2150 759 2188 rnm
793 2135 1069 2186 intervallo
1103 2148 1218 2184 eam
1249 2132 1319 2183 ob
1355 2146 1464 2186 rem
1495 2133 1712 2182 Romam
1736 2132 1976 2193 venerit3
2011 2136 2068 2180 et
2095 2130 2220 2195 qnia
2252 2129 2493 2180 laudandi
2528 2129 2775 2195 principis

645 2217 788 2268 nulla
811 2216 1062 2266 incumbit
1081 2214 1379 2264 necessitas.

583 2297 904 2353 Distributio
927 2295 1135 2345 videtur
1153 2296 1268 2345 baec
1290 2308 1428 2345 esse:
1462 2292 1511 2345 1.
1546 2294 1675 2344 Vita
1695 2292 1970 2343 Theodosii
1992 2291 2216 2357 privata.
2282 2290 2364 2342 11.
2395 2292 2524 2343 Vita
2539 2291 2777 2358 ejusdem

651 2378 863 2442 publica
885 2376 1143 2427 landatur.

590 2455 640 2513 1.
669 2459 843 2509 Pstis.
905 2456 1222 2508 Theodosius
1252 2454 1567 2506 difficillimis
1601 2453 1923 2518 temporibus
1954 2453 2074 2505 ideo
2114 2468 2148 2505 a
2185 2454 2438 2506 Gratiano
2481 2456 2535 2505 in
2567 2454 2782 2520 imperii

644 2540 952 2592 societatem
975 2540 1266 2602 asciscitur,
1298 2548 1358 2589 nt
1380 2539 1711 2590 inclinantem
1750 2537 1802 2586 in
1839 2552 2074 2602 praeceps
2108 2537 2480 2602 rempublicam
2500 2538 2783 2601 sustineat,

644 2636 760 2686 cap.
782 2635 844 2671 ιι.
910 2621 1032 2672 Non
1055 2620 1209 2670 alium
1234 2620 1528 2685 eligendum
1563 2617 1722 2669 fuisse
1759 2618 2043 2674 declarant,
2062 2607 2175 2683 'ejus
2198 2618 2390 2683 patria,
2425 2633 2541 2684 cap.
2570 2632 2649 2669 tv.
2680 2631 2782 2683 pa-

645 2695 810 2752 rentis
835 2703 1089 2759 victoriae‚
1111 2701 1292 2752 domus
1314 2702 1580 2766 splendor,
1613 2715 1731 2763 cap.
1753 2713 1808 2749 v.
1839 2699 2019 2751 formae
2045 2700 2367 2765 praestantia,
2388 2715 2505 2765 cap.
2528 2713 2611 2750 vx.
2645 2706 2783 2749 aetas

648 2784 872 2850 integra,
894 2792 950 2834 et
984 2793 1185 2834 matura
1217 2785 1458 2849 imperio,
1479 2798 1598 2846 cap.
1622 2795 1722 2832 vu.
1787 2781 1836 2831 A
1868 2780 2090 2834 fortune
2128 2782 2273 2832 donis
2296 2782 2485 2832 transit
2522 2780 2587 2830 ad
2617 2778 2784 2830 animi

642 2865 811 2916 dotes.
877 2866 1015 2915 Usus
1053 2866 1175 2915 belli
1201 2879 1304 2930 qno
1339 2880 1471 2930 puer
1498 2864 1610 2926 jam
1642 2862 1940 2926 fingebatur
1964 2864 2028 2912 ad
2062 2862 2355 2928 imperium,
2389 2876 2508 2926 cap.
2527 2874 2659 2911 vlu.
2686 2874 2780 2911 res

648 2949 898 3012 proeclare
921 2947 971 2996 in
996 2946 1134 2997 bello
1155 2954 1338 3011 geste,
1375 2961 1495 3010 cap.
1515 2958 1574 2995 ι.
1604 2943 1863 2995 modestia
1887 2944 1940 2993 in
1962 2944 2250 2995 recusando
2273 2942 2512 3009 imperio,
2548 2956 2665 3008 cap.
2684 2954 2780 2994 ιι.

642 3029 694 3077 in
717 3027 903 3078 eodem
931 3026 1355 3084 administrando,
1388 3027 1782 3090 minuendisque
1820 3025 2068 3090 palatinis
2106 3025 2360 3076 sumtibus
2394 3024 2683 3088 frugalitas,
2721 3024 2784 3074 in

645 3108 937 3158 sanciendis
957 3109 1156 3173 legibus
1179 3109 1520 3174 providentia,
1531 3122 1648 3173 cap·
1672 3120 1800 3158 xm.
1820 3108 1875 3157 in
1897 3107 1980 3164 iis,
1993 3106 2179 3173 quibus
2195 3106 2543 3158 committeret
2566 3120 2784 3171 arcana,

643 3202 772 3254 quos
793 3195 1124 3253 promoveret
1145 3187 1211 3238 ad
1236 3188 1588 3253 magistratus,
1609 3187 1890 3253 seligendis
1913 3187 2210 3253 prudentia,
2237 3201 2353 3253 cap.
2371 3201 2469 3238 xv.
2489 3189 2696 3252 egregia
2719 3187 2783 3238 in

647 3268 840 3318 amicos
871 3266 1023 3331 fides,
1057 3283 1176 3332 cap.
1199 3281 1321 3319 xvt.
1352 3269 1405 3319 in
1438 3268 1757 3334 exequendis
1792 3270 2053 3334 promissis
2088 3269 2292 3334 religio,
2315 3285 2433 3335 cap.
2476 3283 2617 3321 xvu.
2649 3283 2785 3334 erga

647 3364 755 3413 eos,
767 3363 981 3415 quornm
999 3349 1268 3400 ambitioni
1288 3365 1382 3415 pro
1400 3352 1797 3415 magistratuum
1814 3353 2078 3415 paucitate
2095 3351 2272 3403 facere
2290 3353 2415 3403 satis
2431 3367 2533 3403 non
2550 3358 2783 3419 poterat,

646 3430 918 3492 singularis
941 3431 1231 3482 hnmanitas
1254 3432 1663 3490 commendatur,
1684 3448 1801 3498 cap.
1818 3446 1918 3483 xx.

582 3513 660 3564 11.
692 3512 860 3563 PARS.
924 3513 1012 3562 De
1035 3510 1254 3577 publicis
1278 3514 1387 3577 ejus
1410 3513 1702 3564 virtutibus.
1770 3515 1940 3567 Quam
1959 3514 2122 3565 bonus
2153 3520 2209 3566 et
2236 3515 2403 3566 civilis
2422 3516 2474 3566 in
2495 3514 2781 3567 admitten-

629 3593 723 3658 ‚dis
739 3595 802 3644 ad
824 3607 881 3643 se
913 3594 1163 3656 omnibus,
1201 3594 1256 3645 in
1291 3609 1469 3645 eornm
1494 3594 1722 3658 querelis
1746 3594 2039 3661 audiendis,
2062 3610 2179 3661 cap.
2199 3609 2322 3646 ιιι.
2390 3597 2475 3646 De
2494 3597 2638 3646 vultu
2670 3610 2781 3647 non

645 3675 812 3726 minus
834 3674 1086 3737 hostibus,
1100 3689 1253 3742 qnam
1277 3676 1477 3727 civibus
1494 3684 1666 3727 notus.
1711 3678 2074 3728 Memorantnr
2095 3678 2204 3743 ejus
2227 3676 2459 3728 victoriae
2477 3676 2543 3727 de
2567 3676 2784 3742 Gothis,

647 3756 871 3821 Hunnis,
893 3757 1179 3823 Saracenis,
1212 3758 1439 3823 Scythis,
1461 3757 1700 3822 Albanis,
1736 3765 1792 3809 et
1825 3759 2023 3821 Persis,
2045 3773 2163 3822 cap.
2187 3771 2337 3809 xxu.
2404 3758 2467 3808 In
2489 3765 2784 3809 extremam

646 3838 933 3889 Galliarum
969 3835 1172 3904 partem
1196 3855 1311 3891 cum
1348 3840 1584 3890 exercitu
1625 3838 1952 3903 progreditur
1986 3838 2231 3890 adversus
2267 3839 2554 3890 Maximum
2587 3839 2782 3891 Gallie

648 3926 941 3986 tyrannum,
958 3921 1233 3972 multarum
1256 3922 1515 3985 legionum
1538 3920 1853 3987 defectione,
1876 3936 1992 3986 cap.
2016 3934 2185 3972 xxm.
2203 3919 2534 3987 quinquennii
2559 3921 2784 3986 impuni-

649 4010 762 4053 tate
782 4001 1034 4068 inflatum,
1054 4012 1289 4069 peremto
1312 4004 1569 4054 Gratiano
1583 4003 1634 4055 in
1660 4003 1837 4055 Gallia
1859 4003 2108 4060 caedibus,
2126 4003 2343 4067 rapinis,
2357 4008 2414 4052 et
2426 4002 2562 4052 omni
2580 4016 2784 4068 genere

648 4083 971 4136 crudelitatis
995 4094 1332 4149 grassantem,
1365 4101 1482 4150 cap.
1503 4099 1668 4136 xxtv.
1734 4086 1859 4136 Non
1899 4086 2011 4136 sine
2047 4084 2224 4134 divino
2259 4082 2451 4133 anxilio
2472 4081 2686 4148 factum,
2716 4092 2785 4137 ut

648 4170 898 4227 tyrannus
920 4167 1006 4217 ille
1028 4165 1196 4217 foedus
1220 4183 1332 4218 cum
1349 4165 1642 4217 Theodosio
1665 4173 1949 4232 utcumque
1969 4165 2149 4216 initum
2168 4164 2407 4227 violaret,
2428 4178 2541 4228 cap.
2559 4176 2700 4215 xxx.
2717 4171 2786 4217 nt

650 4242 931 4298 Theodosii
974 4247 1251 4300 adventum
1288 4248 1544 4299 sustinere
1580 4262 1686 4299 non
1721 4246 1972 4314 potnerit,
2006 4261 2124 4312 cap.
2164 4258 2336 4298 xxxx.
2371 4249 2431 4295 nt
2462 4244 2530 4296 ad
2566 4243 2786 4298 Asciam
