3084 4959
994 354 1528 405 oousrsnrmo
1573 318 1757 405 Auo.
1832 354 1971 404 vu.
2009 341 2077 406 9.
2459 340 2636 409 1355

433 502 701 583 invicte,
732 502 1031 569 ardorem
1063 501 1248 566 illum
1263 508 1350 566 ‘te
1381 500 1814 587 deposcentis
1832 500 2164 566 exercitus
2188 500 2413 585 sugere
2433 521 2632 569 oona·-

434 614 568 685 ιιιε,
596 626 847 692 equum
878 606 1256 673 calcaribus
1296 602 1661 672 incitasse!
1739 606 1946 686 Quod
1976 604 2267 690 quidem,
2298 610 2377 669 ut
2403 623 2634 671 verum

435 711 696 790 audiaS,
734 711 1215 776 adolescentiae
1238 728 1453 776 errore
1483 710 1817 778 faciebas,
1903 712 1970 775 5.
1999 709 2176 789 Quis
2195 708 2370 774 enim
2392 712 2457 773 te
2474 706 2633 793 Gyl-

432 812 668 892 laruS,⁸
715 820 829 880 aut
856 811 1077 879 Arion
1098 810 1126 849 ¹¹
1167 822 1408 898 posset
1433 815 1706 899 eripere,
1748 834 1949 900 quem
1989 814 2393 898 sequebatur
2420 812 2631 896 impe·-

413 916 604 980 »rium
633 916 663 980 ‘l
754 917 907 996 Illa,
967 917 1265 1000 inquam,
1317 917 1436 982 illa
1486 916 1832 1002 majestas,
1885 937 2038 1001 quae
2079 917 2127 983 J
2131 917 2284 981 ovis
2331 917 2637 1002 subjecta

405 996 422 1047 Ι
431 1028 627 1095 nutu,
657 1038 779 1085 nec
811 1018 1003 1099 Iridi,
1034 1020 1256 1086 Deum
1284 1020 1557 1099 nuntiae,
1587 1021 1707 1087 sed
1748 1022 1975 1106 pinnis
2005 1022 2367 1086 commissa
2394 1019 2634 1086 Victo-

438 1124 581 1202 riae,
614 1130 747 1189 tam
774 1125 975 1189 facile
1003 1130 1068 1189 te
1109 1125 1427 1190 comitata
1467 1133 1596 1203 est,
1637 1145 1844 1211 quam
1885 1127 2026 1190 cito
2066 1125 2151 1189 ad
2197 1132 2410 1190 terras
2452 1123 2634 1189 coelo

437 1228 649 1292 missa
678 1228 1095 1312 perveniunt.
1147 1229 1216 1294 6.
1247 1227 1366 1294 Sic
1389 1229 1795 1294 modestiam
1825 1238 2032 1306 tuam,
2060 1233 2265 1313 atque
2293 1228 2634 1312 pietatem,

434 1337 505 1394 et
532 1324 874 1396 differendi
907 1331 1171 1416 imperii
1197 1339 1477 1399 conatus
1501 1334 1818 1412 ostendit,
1839 1340 1907 1398 et
1933 1331 2321 1416 reipublicae
2343 1330 2637 1396 felicitas

437 1433 622 1499 vicit.

524 1535 701 1603 Cae.
752 1552 866 1601 rx.
955 1538 1019 1601 1.
1067 1538 1128 1603 Ο
1160 1537 1515 1618 fortunata,
1546 1544 1615 1604 et
1641 1556 1821 1602 nunc
1852 1537 2167 1602 omnibus
2212 1536 2476 1601 beatior
2507 1542 2640 1600 ter-

436 1639 531 1703 ris
577 1639 940 1719 Britannia,
969 1661 1122 1724 quae
1153 1641 1668 1708 Constantinum
1700 1641 2042 1706 Gaesarem
2083 1639 2300 1724 prima
2331 1639 2562 1704 vidisti
2585 1621 2643 1704 !·i

433 1739 504 1805 2.
551 1741 798 1808 Merito
827 1749 892 1808 te
923 1746 1227 1810 omnibus
1258 1745 1416 1811 coeli
1457 1764 1538 1810 ao
1581 1744 1716 1810 soli
1751 1743 1949 1808 bonis
1979 1748 2213 1807 natura
2239 1741 2540 1820 donavit,
2570 1742 2641 1804 in

440 1865 576 1931 qua
620 1865 749 1910 nec
793 1846 967 1931 rigor
1013 1844 1147 1912 estj
1209 1849 1459 1913 nimius
1504 1847 1791 1931 hyemiS,
1835 1867 1961 1911 nec
2005 1845 2201 1910 ardor
2246 1846 2528 1923 aestatiS,
2569 1843 2641 1907 in

1368 2025 1482 2047 ”00
1485 2025 1660 2046 “6000
1665 2025 1719 2046 ‘O

440 2138 471 2183 5
496 2130 633 2183 Gud.
663 2110 771 2184 boni
806 2134 1002 2187 subruta
1033 2141 1186 2195 autm-
1218 2134 1423 2188 Acidal.
1465 2136 1600 2201 conj.
1628 2135 1867 2199 subrecta,
1901 2132 2059 2197 idque
2096 2132 2299 2195 recepit
2321 2131 2513 2182 Cellar.
2560 2133 2646 2182 sea
2680 2120 2691 2131 ’

437 2199 576 2265 prius
594 2200 842 2250 commissa
864 2201 984 2252 edd.
1001 2216 1198 2263 omues,
1220 2213 1418 2268 praeter
1442 2203 1633 2253 Cellar.
1658 2204 1708 2252 iu
1731 2216 1835 2267 qua
1857 2201 2050 2264 legitur
2070 2199 2154 2248 sed
2174 2198 2270 2262 ipsi
2286 2200 2547 2257 comissa,
2574 2213 2644 2274 ex

441 2264 841 2382 310231202‘23233.
856 2267 1231 2384 Μ...
1251 2263 2648 2385 V÷2252²zt⁰s03⁶¹331223⁶⁶&sumamarsa-:5

440 2395 600 2445 habet
621 2364 909 2453 concinnose,
938 2406 997 2447 ut
1020 2400 1153 2464 conj.
1174 2349 1379 2450 ΑείιὲεΙ.
1474 2365 1490 2382 .
1686 2350 1733 2399 J·
1969 2366 1985 2382 ⁸
2400 2363 2419 2392 ⁹
2628 2360 2646 2378 ο

509 2462 644 2510 CA?-
668 2475 747 2511 tx.
799 2468 822 2513 1
851 2464 1055 2514 Acidal.
1096 2466 1229 2528 conj.
1252 2472 1300 2515 et
1335 2481 1429 2515 una
1450 2465 1680 2515 omnibus.
1736 2461 1871 2514 eod.
1905 2461 2077 2511 Moerl.
2112 2460 2267 2525 prinu
2295 2457 2647 2524 prm-idisti.—

442 2528 474 2574 8
502 2527 738 2576 Rhenan.
760 2529 897 2592 conj.
911 2530 1106 2584 nimius,
1121 2539 1211 2580 aut
1223 2531 1386 2581 niniae
1405 2531 1626 2597 hyemiu
1658 2528 1813 2578 etiam
1837 2527 2065 2589 Guelpb.
2081 2528 2203 2576 Vet.
2224 2526 2448 2576 Putean.
2471 2524 2649 2574 Moerl.

443 2590 574 2641 Exc.
616 2593 903 2644 Schonbov.
943 2595 1159 2659 Cuspio.
1197 2596 1366 2647 Livin.
1407 2606 1462 2646 et
1504 2597 1627 2646 edd.
1664 2602 1885 2644 recentt.
1917 2594 2126 2650 nimian
2160 2591 2283 2640 edd.
2319 2590 2551 2638 Rbeuau.
2592 2593 2650 2637 et

441 2656 627 2721 steph.
661 2659 805 2709 nimis
833 2659 1030 2724 hyemis.
1085 2661 1352 2712 Acidalius
1392 2669 1564 2725 putat,
1584 2662 1722 2711 hunc
1759 2673 1983 2709 errorem
2006 2656 2073 2707 ab
2094 2655 2421 2706 hoesitatione
2445 2652 2647 2703 librarii

442 2730 612 2773 ortum
652 2738 787 2788 esse,
809 2732 865 2775 et
893 2725 1003 2790 legi
1028 2724 1205 2792 jubet,
1232 2728 1457 2790 rigor-est
1478 2727 1679 2795 hyemis.
1737 2725 1975 2776 Rhenan.
1993 2721 2180 2787 Steph.
2204 2721 2374 2771 Livin·
2399 2721 2572 2771 Rivin·
2596 2721 2647 2768 l·

1438 2872 1658 2925 NOTAE

447 2966 452 2975 '
510 2966 527 3001 ¹
559 2967 833 3018 Calcat-ibus
866 2969 1116 3033 incitasse]
1154 2972 1355 3035 Equum
1391 2974 1501 3038 qui·

439 3044 562 3119 dem
608 3045 898 3113 calcaribus
935 3048 1334 3098 Constantinum
1378 3050 1505 3099 inci·

446 3131 581 3172 tasse
607 3122 774 3173 refert
791 3123 978 3172 Victor
995 3125 1216 3182 schotti.
1232 3140 1350 3175 cum
1373 3123 1506 3177 effu·

444 3201 589 3264 gieus
637 3200 800 3249 Roma
845 3200 930 3248 ubi
973 3200 1123 3250 obses
1166 3201 1427 3265 religionis
1474 3218 1507 3252 a

445 3279 660 3329 Galerio
704 3278 1006 3339 tenebatur,
1051 3279 1253 3329 veredis
1297 3287 1414 3345 post
1446 3295 1505 3331 se

445 3357 702 3425 truncatis
748 3356 812 3404 ad
860 3363 1064 3419 patrem
1095 3357 1148 3406 in
1181 3356 1505 3408 Britanniam

449 3433 772 3481 convolaret:
810 3429 860 3480 id
889 3446 1012 3482 vero
1034 3431 1203 3497 ipsum
1228 3435 1506 3499 praestitis-

448 3524 502 3557 se
537 3517 594 3558 ut
629 3508 891 3557 exercitus
927 3509 1091 3571 ipsum
1129 3509 1194 3558 ad
1232 3510 1505 3574 imperium

449 3583 779 3647 deposcentis
824 3585 959 3634 votis
1011 3599 1124 3635 sese
1169 3586 1508 3650 subduceret,

448 3674 603 3710 nemo
625 3666 725 3722 est,
750 3659 949 3723 opinor,
973 3662 1057 3726 qui
1089 3661 1283 3711 dixerit
1314 3673 1509 3728 praeter

449 3735 821 3802 panegyristeu
846 3736 1020 3786 istum.

514 3821 541 3857 s
590 3811 840 3877 Cyllarus]
908 3811 1137 3861 Castoris
1194 3827 1358 3878 equus
1411 3822 1509 3880 est,

449 3886 602 3956 quem
635 3889 776 3941 Juno
808 3902 839 3937 a
875 3888 1128 3952 Neptuno
1160 3900 1433 3955 acceptum
1462 3893 1511 3943 ei

450 3967 683 4018 tradidit.
748 3967 834 4016 De
869 3965 1019 4029 bujm
1055 3966 1364 4029 pernicitate
1396 3985 1511 4032 pes·

448 4044 543 4094 sim
562 4043 701 4109 apud
720 4042 920 4113 poetas.
952 4042 1196 4106 Propert.
1213 4057 1277 4094 ιι.
1293 4050 1342 4095 7.
1361 4048 1377 4075 ‘
1393 4048 1440 4098 N
1446 4063 1511 4098 ou

450 4121 572 4171 mibi
595 4128 677 4171 sat
699 4132 914 4186 maguus
937 4117 1171 4169 Castoris
1194 4120 1294 4172 iret
1315 4123 1513 4187 equus!

450 4199 596 4264 virg.
620 4199 813 4263 Georg.
835 4210 921 4248 ιιι.
968 4197 1201 4247 Pollucis
1223 4214 1408 4267 equum
1431 4199 1510 4251 fu·

450 4268 555 4325 isse
594 4274 758 4327 dicits
805 4270 976 4324 ‘Talis
1012 4271 1247 4338 Amyclei
1289 4275 1512 4328 domitus

1586 2970 1822 3022 Pollucis
1852 2968 2068 3020 habenis
2099 2964 2372 3033 Cyllarus-⁹
2436 2965 2539 3016 Sed
2565 2967 2648 3017 bic

1586 3047 1800 3098 fratrem
1856 3061 1950 3112 pro
1992 3045 2154 3096 fratre
2211 3045 2383 3110 posuit
2435 3043 2649 3094 licentia

1586 3123 1798 3190 poetica
1820 3132 1881 3174 ut
1912 3131 2062 3173 notat
2086 3136 2200 3172 cum
2225 3120 2418 3172 ceteris
2439 3120 2649 3187 Virgilii

1587 3198 1966 3266 interpretibus
1990 3200 2224 3251 Servius.

1652 3276 1675 3312 Ι·
1707 3276 1889 3341 Arion]
1923 3278 2104 3341 Equum
2129 3274 2357 3325 Adrasto
2379 3288 2410 3325 a
2442 3274 2649 3338 Neptu·

1586 3368 1656 3404 no
1680 3353 1852 3419 datus,
1875 3355 2021 3419 cujus
2050 3353 2250 3417 pariter
2284 3350 2649 3415 pernicitatem

1587 3432 1821 3483 celebrat
1875 3431 2076 3481 Statius
2119 3428 2281 3480 Theb.
2329 3442 2407 3478 vr.
2457 3430 2649 3495 aliique

1589 3510 1775 3575 passim
1799 3507 1989 3572 poiitae.

1656 3585 1671 3620 ί
1694 3587 1862 3636 Prima
1877 3583 2072 3647 vidisti]
2108 3584 2297 3635 Utrum
2315 3584 2652 3634 nascentem?

1590 3669 1650 3713 ut
1689 3663 1810 3712 iude
1847 3663 2118 3724 colligunt,
2160 3661 2474 3726 quicumque
2515 3658 2652 3710 Con-

1589 3743 1871 3792 staminum
1894 3740 2201 3790 Britannum
2225 3739 2457 3802 faciuut3
2475 3754 2539 3789 an
2557 3740 2655 3790 im·
2732 3744 2739 3751 ‘

1592 3827 1860 3884 perantem
1887 3819 1907 3868 ἒ
1957 3825 2049 3867 aut
2093 3817 2317 3867 Caesaris
2368 3826 2516 3868 certe
2563 3833 2654 3881 ap·

1595 3897 1875 3961 pellatione
1901 3894 2234 3955 insignitum?
2256 3904 2312 3945 ut
2333 3894 2656 3948 contendunt

1593 3974 1698 4022 alii.
1763 3972 1825 4023 Id
1852 3972 1987 4021 enim
2024 3971 2264 4032 Eboraci,
2300 3987 2416 4037 quae
2445 3971 2657 4021 Britan·

1594 4052 1694 4100 niae
1742 4050 1927 4099 civitas
1972 4056 2074 4113 est,
2117 4049 2414 4115 contigisse,
2458 4050 2656 4101 nemini

1594 4126 1804 4178 dubium
1826 4133 1924 4176 est·

1654 4203 1672 4247 J
1706 4205 1767 4254 In
1784 4219 1879 4267 qua
1899 4218 1982 4253 nec
2003 4202 2136 4264 rigor
2151 4201 2248 4265 est]
2269 4200 2470 4253 Auctor
2485 4204 2654 4254 Pane-

1596 4281 1758 4347 gyrici
1801 4279 2035 4346 respexit
2071 4278 2136 4330 ad
2180 4280 2346 4330 locum
2376 4281 2544 4332 Taciti
2592 4279 2657 4330 de
2730 4270 2735 4275 ’
