3084 4959
527 323 703 393 153⁰
1005 334 1450 388 mansuum
1496 332 1963 387 namtarum
2009 334 2234 387 acuo

527 502 760 568 agrum
788 498 916 549 non
942 483 1192 548 nostr-is
1218 480 1528 547 manibus
1555 480 1977 559 excolamus,
2015 481 2165 547 hoec
2191 479 2549 548 illaborata
2573 501 2736 549 nas-

525 591 781 651 cuntur.
865 586 934 651 3.
977 583 1255 663 Quanto
1278 583 1548 649 felicior
1572 587 1801 648 nostra
1821 583 2125 648 conditio
2149 584 2180 647 't
2225 590 2477 668 quanto
2508 585 2730 651 beati-

528 690 696 754 tudo
723 687 1156 772 praestantior
1173 686 1209 751 't
1295 685 1456 751 Non
1488 684 1686 769 spica
1722 682 2042 764 triticea,‘²
2084 705 2215 753 non
2244 686 2415 753 viles
2439 707 2730 753 uvarum

526 790 796 868 racemi,
844 789 962 854 sed
1021 808 1194 872 opes
1212 832 1229 847 .
1250 794 1456 872 atque
1505 786 1767 853 divitiae
1815 787 1988 855 nihil
2034 787 2494 859 laborantibus
2541 790 2730 874 inge-

525 899 790 972 runtur3
835 890 1227 975 provinciae,
1278 890 1716 975 praefecturae,
1764 889 1989 955 fasces
2022 897 2262 975 sponte
2302 892 2730 975 proveniunt.

523 996 589 1059 4.
632 995 762 1064 Tu,
793 1003 892 1072 tn,
922 993 1218 1077 inquam,
1249 993 1546 1059 maxime
1573 991 1972 1078 Imperator,
1991 993 2345 1061 exulantes
2368 995 2729 1078 relegatas-

526 1117 661 1183 que
688 1096 976 1162 virtutes
1006 1095 1096 1162 ad
1126 1096 1614 1180 rempublicam
1640 1095 1937 1180 quodam
1966 1096 2387 1183 postliminio
2412 1104 2435 1133 ⁶
2479 1097 2727 1165 redux-

524 1203 679 1269 isti:
722 1208 799 1268 tu
826 1201 1135 1269 extincta
1156 1200 1303 1285 jam
1333 1200 1676 1266 literarum
1701 1200 2300 1268 studiaflammasti
2323 1198 2382 1268 tf
2408 1208 2483 1267 tu
2506 1203 2728 1286 philo·
2775 1271 2780 1277 ,

526 1302 1358 1393 ωρὶιίαιςξῑιμώο·αηῐο
1417 1309 1833 1386 suspectam,
1883 1321 1965 1371 ac
2021 1303 2269 1369 nedum
2319 1302 2725 1388 spoliatam*

518 1396 911 1485 honoribus,
942 1405 1061 1471 sed
1083 1414 1496 1484 accusatam,
1525 1425 1611 1471 ac
1639 1426 1846 1484 ream,
1861 1425 1997 1471 non
2017 1406 2218 1472 modo
2246 1406 2510 1491 judicio
2554 1407 2726 1473 libe-

524 1494 713 1588 rus'ti,
743 1509 861 1575 sed
902 1510 1216 1574 amictam
1245 1529 1574 1595 purpura,
1609 1529 1773 1574 auro
1795 1510 2212 1593 gemmisque
2240 1510 2618 1579 redimitam
2649 1513 2726 1577 in

523 1612 731 1695 regali
760 1612 935 1678 solio
965 1608 1364 1677 collocasti.i
1443 1613 1510 1679 5.
1555 1612 1916 1696 Suspicere
1947 1613 2096 1698 jam
2134 1613 2210 1679 in
2246 1613 2498 1679 coelum
2534 1614 2725 1693 licet,

520 1721 593 1781 et
648 1714 903 1781 securis
949 1715 1396 1798 contemplari
1444 1720 1635 1783 astra
1681 1714 2063 1794 luminibus,
2122 1716 2238 1802 qui
2276 1716 2485 1801 paulo
2531 1722 2724 1796 ante,

522 1834 891 1903 pronorum
915 1824 1117 1902 atque
1145 1817 1650 1902 quadrupedum
1686 1817 2124 1885 animantium
2156 1819 2315 1895 ritu..
2350 1818 2428 1885 in
2446 1818 2725 1889 humum

523 1922 721 1988 visus
777 1921 1082 2007 trepidos
1133 1921 1528 2005 figebamus.
1616 1919 1795 2001 Quis
1849 1921 2027 1987 enim
2076 1930 2390 2006 spectare
2439 1924 2724 1990 auderet

525 2030 748 2088 ortum
790 2024 1053 2099 sideris,
1080 2024 1238 2109 quis
1268 2024 1645 2091 occasqu
1733 2023 1848 2091 Ne
1873 2024 2191 2108 agricolae
2219 2025 2523 2111 quidem,
2550 2046 2725 2112 quo-

523 2144 670 2191 rum
718 2145 927 2211 opera
973 2127 1060 2192 ad
1124 2135 1378 2193 motum
1436 2127 1779 2210 signorum
1834 2129 2223 2194 coelestium
2283 2130 2723 2214 temperanda

525 2231 701 2307 sunt,
745 2232 1219 2312 tempestatum
1267 2227 1609 2312 praesagia
1651 2229 2088 2297 rimabantur.
2168 2231 2237 2297 6.
2281 2230 2433 2315 Ipsi
2467 2238 2718 2310 nautae,

523 2330 643 2417 qui
673 2336 1032 2395 nocturnos
1059 2349 1293 2397 cursus
1321 2329 1412 2397 ad
1440 2339 1628 2397 astra
1652 2330 2105 2412 moderantur,
2132 2333 2478 2399 stellarum
2508 2333 2721 2399 nomi-

521 2431 726 2499 nibus
755 2432 1196 2501 abstinebant.
1284 2433 1576 2501 Prorsus
1605 2440 1783 2501 terra
1810 2435 2113 2521 marique
2142 2454 2284 2507 non
2303 2436 2560 2502 ratione
2579 2455 2724 2503 coe-

521 2534 708 2617 lasti,
736 2534 864 2601 sed
890 2552 1057 2604 casu
1085 2556 1168 2603 ac
1195 2542 1437 2604 temere
1463 2538 1841 2604 vivebatur.

1444 2688 1811 2709 ‘wem

519 2780 700 2834 nempe.
767 2770 784 2800 ‘
803 2770 942 2822 Male
965 2770 1193 2836 Guelph.
1222 2772 1589 2838 moino-oque:
1607 2772 1791 2823 Arntz.
1821 2786 1917 2821 usn
1946 2770 2154 2837 pmpriis
2184 2786 2250 2822 un.
2276 2772 2482 2821 colmane
2508 2769 2650 2823 Gnd.
2652 2798 2723 2813 -·

523 2840 555 2884 8
581 2836 696 2884 Non
723 2836 856 2900 spica
884 2837 1035 2886 trice«
1065 2838 1294 2900 Guelpb.
1359 2839 1503 2894 Mox.
1538 2840 1591 2888 in
1624 2838 1807 2888 eodem
1845 2840 1962 2888 cod.
1999 2838 2207 2897 desunt,
2245 2838 2370 2887 nihil
2397 2836 2722 2887 laborantibus

519 2900 841 2962 ineantur-5
880 2901 1298 2965 provinciae.-4‘
1317 2903 1543 2967 Guelpb.
1586 2908 1686 2954 tum
1706 2902 1974 2954 exstincta.-
2019 2901 2189 2952 male?
2220 2904 2393 2952 Arutz.
2437 2919 2494 2953 nc
2524 2904 2719 2952 nedum

524 2965 763 3019 Rhenan.
795 2968 979 3029 Stepb.
1003 2968 1172 3021 Livin.
1195 2969 1366 3019 Rivin.
1388 2970 1456 3019 al.
1480 2975 1609 3019 vett.
1646 2970 1894 3020 nonedam
1915 2967 2140 3033 Guelpb.
2164 2968 2289 3017 Vet.
2312 2968 2480 3017 Livin.
2511 2968 2716 3017 Bertin.

521 3030 681 3082 Grut.
716 3040 773 3082 et
812 3040 1033 3083 recenti.
1077 3040 1133 3083 ut
1164 3049 1297 3083 ream
1332 3035 1505 3085 Moerl.
1553 3039 1603 3086 et
1636 3049 1765 3084 ream
1786 3033 1958 3096 Guelp
1961 3032 2110 3084 h.-5
2134 3032 2239 3082 Pro
2271 3047 2542 3096 pronon-um,
2545 3020 2714 3097 quod

521 3103 735 3148 tuentur
770 3099 893 3149 Vet.
928 3098 1153 3148 Putesn.
1184 3100 1314 3151 Exc.
1348 3099 1635 3150 Schonhov.
1672 3098 1813 3150 oud.
1845 3099 2026 3150 Moerl.
2058 3109 2113 3150 et
2148 3097 2233 3150 ed.
2265 3098 2463 3161 Jaeger.
2498 3112 2719 3162 pecorum

519 3170 668 3213 extat
689 3165 740 3211 in
762 3163 883 3214 edd.
906 3171 1038 3213 vett.
1070 3165 1353 3228 ‘pronon-un·
1374 3166 1613 3230 recipere
1642 3178 1743 3214 non
1777 3162 1995 3214 dubito?
2003 3165 2199 3241 :lagen
2239 3178 2483 3227 pomorum
2511 3179 2569 3212 ac
2599 3178 2719 3225 qus-

521 3227 783 3289 «trapeam
805 3229 924 3279 Vet.
945 3228 1115 3278 Lirin.
1158 3245 1413 3293 proauorum
1447 3248 1504 3281 ac
1535 3248 1584 3295 q.
1623 3229 1825 3280 Bertin.
1861 3228 2075 3294 cuspin.
2143 3230 2250 3279 Pro
2281 3228 2335 3278 in
2367 3228 2575 3288 omnum,
2595 3227 2718 3278 Vet.

522 3289 750 3341 Putean.
769 3293 966 3344 habet·
946 3309 998 3342 m
1017 3294 1178 3345 innam.
1208 3296 1436 3347 Rhensn.
1455 3298 1586 3359 Step
1589 3293 1640 3345 h.
1658 3297 1825 3347 Livin.
1845 3294 2018 3345 Rivin.
2049 3291 2717 3357 agncotoequorwnqnidem

520 3355 645 3406 Vet·
679 3357 902 3410 Putean.
942 3359 1138 3409 Bertin.
1176 3361 1347 3410 Moerl.
1380 3362 1512 3412 Exc.
1546 3313 1840 3413 Sclionlnov.
1870 3361 2098 3421 Guelph.
2125 3359 2334 3422 Cuspin.
2370 3359 2531 3407 Grnt.
2554 3365 2609 3408 et
2635 3370 2718 3406 re·

522 3429 690 3471 centt.
745 3424 970 3486 agricola
1009 3426 1213 3486 quiden,
1253 3440 1464 3489 quorun.
1530 3427 1681 3491 Mox,
1725 3441 1837 3476 voc.
1892 3426 2148 3477 coelaestium
2190 3424 2339 3475 deest
2377 3424 2433 3473 in
2476 3421 2716 3474 Mart.—

516 3490 553 3537 6
574 3487 797 3552 Guelpb.
825 3491 890 3539 ud
907 3494 1066 3540 costra
1086 3492 1405 3541 mantur-
1470 3491 1621 3542 Idem
1644 3493 1811 3543 codex
1833 3507 1953 3543 mox
1972 3491 2210 3543 vivebant.

1509 3622 1727 3675 NOTAE

582 3707 609 3743 ¹¹
641 3708 789 3772 Spica
808 3707 1095 3773 tritieeoJA
1112 3711 1461 3762 nominativo‘
1471 3713 1577 3778 spi·
1719 3720 1748 3758 s
1781 3713 1852 3763 Ἅι
1875 3690 2244 3776 psilon-pluam]
2280 3707 2473 3759 Melior
2489 3705 2716 3758 fortasse

523 3783 679 3848 cum,’
703 3797 806 3849 quo
836 3798 957 3833 usus
982 3792 1062 3835 est
1082 3786 1357 3837 Tulliusin
1380 3786 1578 3839 Aratea
1655 3791 1840 3842 fuisset
1881 3791 2132 3850 Julianus,
2175 3789 2221 3839 si
2262 3796 2462 3839 naturae
2508 3787 2715 3838 arcanis

520 3861 541 3889 ⁶
558 3861 756 3925 spicum
780 3860 981 3909 illustre
1003 3858 1215 3912 ferens.’
1656 3867 2041 3934 perscrutandis
2061 3867 2226 3916 minus
2248 3880 2305 3914 se
2323 3863 2571 3914 dedisset.

582 3942 607 3971 ⁰
641 3936 967 4000 Postliminio]
996 3938 1321 3990 Postliminio
1338 3940 1578 4000 redeunt,
1721 3941 1747 3979 Ι·
1778 3943 1969 3994 Nodum
2007 3940 2282 4005 spoliatam]
2338 3940 2403 3990 Id
2435 3947 2538 3997 est.
2572 3938 2711 3990 ‘non

514 4015 822 4082 quicumque
845 4013 1046 4075 eodem,
1060 4029 1149 4065 seu
1173 4015 1236 4064 ad
1261 4017 1398 4068 idem
1420 4019 1577 4070 limen
1655 4021 1809 4072 modo
1827 4016 2139 4083 spoliatam.’

517 4099 871 4152 revertuntur,
892 4091 1026 4138 unde
1048 4092 1305 4141 exierant.
1722 4095 1737 4131 ¹
1768 4095 1827 4145 In
1864 4095 2022 4156 reguli
2052 4094 2171 4144 solio
2204 4093 2468 4158 collocasti]
2499 4092 2587 4142 Sic
2607 4091 2712 4141 Ps-

586 4166 608 4201 f
631 4168 937 4232 Flammam]
971 4168 1088 4219 Vox
1108 4184 1206 4219 non
1226 4173 1382 4223 semel
1395 4174 1579 4227 'l'scito
1656 4180 1803 4223 catus
1837 4172 1890 4221 in
1927 4170 2186 4221 Theodos.
2220 4171 2419 4233 Paneg.
2448 4184 2567 4232 cap.
2594 4182 2716 4218 xvr.

517 4254 787 4312 usurpata,
810 4261 903 4312 pro
924 4243 1321 4299 ‘inflammasti.’
1489 4285 1495 4293 .
1652 4250 1761 4300 ‘Tu
1797 4248 2073 4300 amicitiam
2110 4263 2214 4300 uon
2250 4250 2417 4299 solum
2452 4249 2593 4298 iutra
2622 4260 2714 4296 au-
