3084 4959
440 346 616 415 1368
1080 362 1412 412 zquNn
1447 362 1611 412 ,nu
1627 364 2011 414 seramus

522 510 705 575 CAP.
738 526 966 574 xvur.
1054 510 1130 575 1.
1166 509 1407 577 Statim
1461 510 1669 592 igitur
1715 515 1790 574 ut
1831 509 2092 575 foedum
2151 510 2320 575 illud
2378 510 2647 578 facinus

434 613 800 688 audierant,
832 613 1010 678 ultro
1040 633 1083 677 a
1109 620 1177 676 te
1208 611 1681 698 proficiscendi
1713 614 1974 695 signum
1994 658 2001 667 ι
2020 615 2443 697 petiverunt3
2488 635 2646 688 cum

433 716 694 792 viatica
722 715 942 790 dares,
973 715 1038 779 id
1072 715 1295 799 ipsum
1327 715 1480 780 sibi.
1504 734 1758 779 moram
1788 717 2031 791 facere,
2057 717 2347 801 plusque
2366 717 2511 801 jam
2544 737 2653 795 se,-

436 838 640 904 quam
702 816 1061 889 sufficeret,
1132 836 1220 883 ex
1281 816 1747 900 largitionibus
1807 821 1943 883 tuis
1998 819 2243 884 habere
2300 820 2651 884 dixerunt.

433 922 500 986 2.
549 920 718 986 Inde
750 921 1037 1004 arreptis
1083 920 1287 985 armis
1334 927 1575 1004 portas
1605 923 1963 1005 petierunt,
1993 930 2096 988 tot
2123 923 2383 988 dierum
2431 923 2563 987 iter
2602 940 2653 986 a

437 1023 684 1091 Rheno
718 1043 936 1108 usque
968 1023 1054 1089 ad
1109 1022 1376 1094 Ararim
1423 1023 1571 1086 sine
1618 1023 1758 1087 ulla
1813 1025 2040 1108 requie
2086 1031 2503 1107 peregerunt,
2546 1024 2645 1087 in-

436 1126 726 1191 defessis
756 1127 1185 1210 corporibus,
1241 1124 1488 1190 animis
1519 1125 1980 1208 flagrantibus,
2023 1123 2373 1192 crescente
2399 1128 2467 1191 in
2497 1126 2646 1195 dies

434 1230 676 1296 ardore
707 1229 1056 1306 vindictae,
1083 1236 1336 1312 quanto
1366 1229 1648 1312 propius
1676 1228 2096 1295 accederent.
2183 1230 2248 1293 3.
2292 1229 2469 1293 Tum
2498 1230 2651 1314 qui-

434 1331 585 1397 dem
620 1341 758 1411 tua,
789 1332 1189 1414 Imperator,
1241 1351 1427 1410 cura,
1468 1351 1603 1415 qua
1633 1332 2016 1396 refovendis
2044 1351 2271 1397 eorum
2297 1333 2559 1396 viribus
2590 1352 2653 1401 <a

436 1432 896 1500 Cabillonensi
930 1442 1132 1518 portu
1161 1434 1439 1517 navigia
1459 1435 1880 1518 provideras,
1904 1436 2377 1501 festinantibus
2405 1436 2649 1519 praeire

434 1557 565 1615 non
596 1537 877 1621 placuit.
945 1535 1185 1618 Segnis
1216 1537 1335 1601 ille
1356 1544 1379 1573 ⁶
1409 1542 1477 1601 et
1503 1537 2030 1602 cunctabundus
2059 1537 2277 1601 amnis
2305 1557 2651 1621 nunquam

431 1640 646 1707 fuisse
674 1641 930 1706 tardior
957 1639 1333 1705 videbatur.
1425 1637 1696 1705 Carinis
1729 1641 1931 1704 tacite
1962 1639 2381 1718 labentibus,
2400 1645 2467 1703 et
2484 1640 2653 1723 ripis

432 1743 615 1809 lente
645 1736 1169 1819 recedentibuS,f
1207 1750 1388 1806 stare
1417 1761 1521 1819 se,
1568 1762 1706 1807 non
1737 1742 1833 1806 irc
1864 1743 2271 1808 clamabant.
2358 1744 2426 1806 4.
2469 1741 2647 1806 Tum

436 1865 598 1911 vero
620 1866 814 1911 usum
841 1846 1090 1930 pedum
1122 1845 1435 1910 manibus
1467 1845 1772 1927 aggressi
1801 1845 2160 1910 incubuere
2190 1845 2542 1929 remigiiS,⁸
2582 1849 2651 1908 et

434 1957 740 2015 naturam
801 1948 1096 2015 fluminis
1155 1946 1453 2031 urgendo
1505 1947 1834 2020 vicerunt,
1915 1954 1986 2011 et
2044 1946 2311 2012 tandem
2364 1946 2650 2013 eluctati
2756 2024 2761 2028 ,

434 2050 671 2117 Araris
701 2071 941 2132 moras,
965 2054 1081 2117 vix
1110 2053 1266 2135 ipso
1301 2033 1642 2115 Rhodano
1674 2049 1857 2114 fuere
1889 2051 2210 2115 contenti:
2241 2069 2478 2133 parurn
2507 2049 2650 2115 illis

434 2154 788 2222 ‚videbatur
816 2156 1126 2221 concitus
1159 2175 1371 2233 ruere,
1415 2155 1640 2218 minus
1672 2154 1871 2219 solito
1901 2149 2218 2218 Arelateh
2268 2172 2651 2237 properare.

434 2258 502 2325 5.
549 2256 734 2335 Quid
759 2259 1025 2324 multa?
1070 2258 1523 2324 confitendum
1556 2263 1685 2336 est,
1719 2257 2123 2341 Imperator,
2149 2276 2302 2321 cum
2351 2254 2483 2320 hoc
2528 2263 2650 2320 tuo

434 2360 670 2441 vigore
701 2363 1026 2444 corporiS,
1058 2361 1188 2425 hoc
1234 2362 1473 2426 mentis
1505 2360 1744 2424 ardore
1782 2359 2103 2424 laborasti
2154 2354 2508 2436 interdum,
2551 2368 2651 2437 ut,
2682 2350 2697 2365 ’

438 2481 635 2544 quem
671 2463 997 2539 ducebaS,
1032 2463 1411 2546 sequereris
1443 2463 1841 2527 exercitum.
1931 2461 1995 2526 6.
2041 2462 2265 2526 Tanto
2297 2463 2474 2526 enim
2507 2481 2651 2526 om-

437 2584 561 2631 nes
612 2565 871 2649 impetu
927 2567 1332 2644 serebantur,
1389 2571 1489 2642 ut,
1552 2584 1708 2629 cum
1759 2565 1979 2642 illum,
2038 2562 2309 2630 Arelate
2361 2565 2652 2644 deserto,

1365 2727 1751 2752 ‘Nonum‘

433 2839 440 2913 j
505 2848 641 2925 Cpr».
678 2860 849 2898 xvlu.
919 2853 939 2897 ι
980 2848 1208 2911 Guelpb.
1250 2849 1360 2924 plue
1378 2849 1487 2910 jam
1523 2865 1575 2899 se
1607 2851 1936 2915 sufficere-2
1987 2849 2094 2924 IJro
2133 2853 2315 2925 portus,
2357 2847 2651 2926 Schoubqv.

437 2913 2656 3043 ‘1'205‘332’0151'21{4¹31}ss,tffflzderffldfflxffgtflzssrssctffsfi‘asszaYs‘etzrssflz

438 3046 635 3106 navigia
670 3045 962 3107 previderat
1000 3046 1051 3094 in
1090 3044 1273 3093 eodem
1311 3044 1511 3093 codice.
1553 3059 1691 3108 paene
1729 3058 1823 3094 nou
1859 3045 2040 3105 placuit
2082 3043 2204 3093 edd.
2245 3052 2366 3097 ante
2404 3043 2654 3094 Arum—-

438 3114 472 3160 4
508 3111 641 3158 Edd.
674 3118 795 3159 ante
829 3110 984 3159 Grut.
1021 3109 1269 3159 incubuere
1301 3111 1515 3173 navigiis
1531 3127 1552 3169 ,-
1585 3118 1642 3159 et
1675 3110 1752 3163 sic
1786 3108 1943 3159 etiam
1972 3109 2145 3158 Rivin.
2175 3109 2212 3156 i.
2240 3109 2461 3170 remigiis
2483 3110 2656 3160 Moeri.

441 3175 667 3237 Gueiph.
705 3177 836 3227 Exe.
870 3176 1159 3225 Schonhov.
1196 3176 1318 3224 Vei.
1352 3176 1524 3224 Livin.
1551 3176 1670 3224 Vet.
1699 3177 1924 3225 Putean.
1947 3175 2147 3225 Berlin,
2173 3175 2390 3236 Cuspiu.
2421 3174 2577 3224 Grur.
2598 3184 2655 3223 et

439 3246 668 3289 recentt.
737 3241 885 3301 Mox,
928 3242 1046 3288 edu.
1086 3246 1207 3289 ante
1248 3239 1431 3289 Arntz.
1450 3240 1669 3304 flumini.
1738 3237 1873 3289 Vide
1911 3239 2060 3290 Nott.
2092 3240 2347 3289 Verre-5
2381 3244 2396 3268 ‘
2424 3242 2548 3290 Cum
2569 3240 2656 3291 100ae

440 3305 549 3369 tuo]
585 3301 856 3369 Superflua
880 3305 1091 3354 omnino
1117 3314 1197 3354 est
1223 3319 1319 3353 vox
1348 3306 1589 3369 princeps
1612 3319 1750 3363 cum;
1782 3303 1963 3355 forsan
1984 3305 2142 3355 etiam
2168 3305 2325 3355 tertia
2346 3304 2463 3356 tuo!
2498 3306 2657 3356 Grut-

1441 3466 1666 3522 No'rAE

506 3579 529 3606 ε
564 3567 749 3631 Segnis·
772 3566 876 3631 ille]
918 3564 1069 3624 Arar,
1108 3567 1189 3616 vel
1227 3565 1426 3629 Araris,
1459 3571 1507 3619 la
1590 3567 1749 3618 dere:
1798 3568 1890 3618 sed
1935 3569 2054 3632 quia
2094 3584 2196 3619 non
2238 3569 2362 3618 satis
2407 3568 2657 3619 celeriter

443 3647 614 3697 Saone.
685 3644 893 3694 Flavius
918 3643 1107 3695 Galliae
1131 3646 1381 3704 Comata’,
1412 3646 1506 3696 Se·
1591 3646 2033 3711 provehebantur,
2077 3647 2206 3708 ripae
2248 3649 2460 3710 lentim,
2501 3661 2655 3712 quam

439 3739 641 3788 qnanoe
665 3721 732 3772 ab
757 3721 932 3771 AEduis
959 3737 1232 3786 separans,
1261 3729 1417 3787 atque
1442 3724 1506 3772 ad
1590 3724 1866 3789 optabant,
1890 3722 2200 3774 videbantur
2225 3724 2350 3788 ipsis
2386 3725 2656 3775 recedere.

443 3798 756 3864 Lugdunum
828 3797 1079 3848 Rhodano
1149 3799 1510 3862 congrediens,-
1656 3809 1683 3845 ε
1718 3801 1978 3851 Incubuere
2011 3800 2254 3864 remigiis]
2292 3800 2656 3863 Virg-AEueid.

445 3876 633 3926 Oritur
664 3888 730 3924 ex
754 3873 963 3937 Vogeso
1000 3880 1172 3924 moute
1203 3874 1254 3923 iu
1287 3875 1509 3925 confinio
1592 3893 1670 3929 vr.
1691 3882 1808 3928 294.
1826 3877 1845 3905 ⁴
1863 3878 2016 3928 Nunc
2039 3894 2069 3928 o
2093 3879 2230 3927 lectu
2254 3893 2458 3939 manus,
2475 3877 2658 3927 validis

439 3950 815 4014 'Letharingim
881 3950 1149 4000 Ciaudiau.
1188 3958 1203 3980 ‘
1223 3952 1419 4003 Lentus
1439 3952 1511 4006 A·
1590 3955 1875 4005 incumbite
1898 3954 2073 4009 remis,
2101 3954 2355 4004 Hectorei
2388 3952 2549 4003 socii!

445 4045 550 4089 rar,
576 4028 960 4091 Rhodanusque
985 4027 1163 4083 ceier,'
1184 4029 1282 4076 &m
1401 4080 1406 4084 ,
1654 4028 1681 4063 ⁸¹
1714 4029 1936 4093 Arelate]
1970 4032 2134 4090 Artes,
2159 4030 2280 4080 urbs
2310 4031 2497 4080 Galliae
2522 4028 2659 4079 Nar-

435 4120 446 4127 ·
478 4121 481 4124 ·
511 4103 530 4137 ¹
567 4105 706 4168 Ripie
736 4106 864 4153 lente
889 4103 1235 4168 recedentibus]
1273 4104 1318 4154 A
1354 4113 1511 4169 portu
1593 4105 1716 4156 bon.
1744 4107 1994 4171 Archiep.
2013 4109 2078 4156 ad
2103 4107 2402 4158 Rhodanum
2426 4104 2661 4156 fluvium.

447 4181 581 4230 enim
620 4180 959 4242 solventibus,
994 4189 1051 4228 ut
1081 4189 1161 4229 eut
1196 4181 1337 4243 apud
1365 4183 1509 4246 Virg.
1595 4186 1677 4235 De
1701 4199 1802 4247 qua
1827 4183 2090 4236 Ausonius
2116 4187 2169 4235 iu
2193 4186 2366 4235 Catal.
2389 4184 2660 4235 Clararum

450 4255 657 4308 AEueid.
677 4267 764 4304 nr.
786 4256 870 4303 72.
901 4263 1055 4305 terroe
1090 4256 1334 4306 videntur
1363 4271 1509 4309 rece·
1594 4261 1834 4311 Urbium.
1914 4268 1919 4275 ·
2072 4272 2077 4277 ·
2224 4284 2227 4287 -
2412 4268 2417 4271 “
2520 4280 2523 4283 ι
