3084 4959
1057 367 1552 420 Maximiano.
1631 368 1747 417 ιιι.
1791 352 1863 420 3.
2398 356 2573 423 1201

354 513 622 585 Deinde
671 512 1020 598 praecipue
1060 513 1264 579 vestri
1302 513 1402 579 illi
1430 519 1798 600 parentes,p
1828 515 1946 599 qui
1980 513 2180 580 vobis
2211 519 2278 581 et
2307 517 2575 585 nomina

352 625 428 684 et
473 616 765 701 imperia
807 615 1191 691 tribuerunt,
1238 617 1584 700 perpetuis
1630 618 2071 682 maximorum
2124 636 2405 702 operum
2457 637 2571 685 ac-

349 720 655 785 tionibus
697 724 1135 802 occupantur.
1223 719 1288 782 4.
1335 718 1465 783 Ille
1506 719 1839 803 siquidem
1880 717 2294 786 Diocletiani
2336 727 2574 787 auctor

355 823 570 902 Deus»,
614 826 859 907 praeter
910 820 1241 904 depulsos
1296 821 1638 903 quondam
1683 822 1843 887 coeli
1895 823 2336 907 possessione
2386 823 2580 891 'rita-

353 933 530 1003 nas,‘³
573 930 642 989 et
681 942 851 989 mox
878 923 1299 988 biformium‘
1342 922 1519 988 bella
1572 931 2043 1004 monstrorum,
2094 927 2362 1010 perpeti
2413 943 2577 1005 cura

356 1027 672 1111 quamvis
700 1025 1160 1109 compositum
1190 1027 1516 1108 gubernat
1553 1026 1931 1110 imperium,
1967 1032 2168 1112 atque
2211 1028 2388 1093 hanc
2432 1035 2579 1101 tan-

355 1135 494 1196 tam
545 1129 795 1195 molem
842 1126 1250 1211 infatigabili
1294 1148 1496 1194 manu
1544 1130 1784 1206 volvit,
1826 1129 2299 1214 omniumque·
2353 1150 2576 1197 rerum

355 1232 629 1298 ordines
661 1251 747 1297 ac
776 1231 962 1296 vices
995 1231 1281 1315 pervigil
1312 1238 1562 1297 servat.
1648 1234 1714 1296 5.
1762 1231 2007 1316 Neque
2038 1233 2212 1297 enim
2244 1238 2401 1298 tunc
2429 1238 2580 1298 tan·

354 1334 702 1400 tummodo
732 1341 1217 1415 commovetur,
1248 1353 1404 1400 cum
1434 1336 1736 1400 tonitrua
1765 1335 2021 1413 incutit,
2050 1339 2117 1400 et
2152 1334 2437 1399 fulmina
2467 1336 2575 1419 ja-

356 1437 488 1516 cit²;
536 1435 653 1501 sed
683 1435 911 1510 etiam,
936 1434 995 1498 si
1017 1435 1498 1502 tumultuantia
1520 1436 2006 1502 elementorum
2029 1437 2253 1503 officia
2274 1437 2581 1522 pacavit,

357 1538 789 1604 nihilominus
836 1543 1060 1602 tamen
1104 1541 1172 1602 et
1213 1535 1360 1612 fata
1403 1537 1738 1622 disponit,
1780 1544 1848 1603 et
1890 1539 2104 1623 ipsaS,
2146 1558 2301 1624 quae
2348 1539 2580 1605 tacitas

357 1641 700 1718 labuntur,
730 1658 927 1705 auras
968 1639 1249 1724 placido
1280 1642 1436 1706 sinu
1462 1641 1707 1719 fundit,
1738 1646 1804 1706 et
1843 1642 1911 1705 in
1947 1641 2230 1706 adversa
2256 1640 2580 1706 nitentem

357 1743 619 1828 impetu
662 1741 822 1807 coeli
866 1741 1049 1826 rapit
1089 1742 1359 1808 solem.·¹
1459 1743 1524 1809 6.
1580 1742 1856 1823 Itidem,
1904 1741 2352 1822 Maximiane,
2399 1741 2581 1808 Her-

422 1911 465 1995 (
483 1914 554 1964 Et
561 1912 835 1977 fulgentem
854 1913 999 1964 solem
1019 1927 1125 1963 cum
1141 1911 1385 1964 celeritate
1406 1910 1587 1976 obripit
1608 1913 1661 1963 in
1681 1913 1929 1963 adeersum
1949 1912 2054 1963 coeli
2067 1916 2276 1977 portent.

1269 2036 1644 2061 eoelemeoaee

362 2129 395 2175 ³
420 2123 559 2173 Gnd.
582 2128 630 2173 1.
651 2125 735 2188 qui
764 2123 895 2175 vobis
927 2123 1087 2174 omina
1102 2140 1124 2184 ,-
1180 2122 1312 2174 Exc.
1355 2124 1511 2174 Voss.
1547 2125 1629 2188 qui
1664 2124 1797 2173 vobis
1829 2125 2140 2175 niomium-4
2178 2124 2374 2174 Titams
2402 2122 2586 2174 Livin-

362 2191 502 2241 NaV.
530 2190 679 2239 Paul.
707 2190 889 2253 Steph.
915 2196 971 2239 et
996 2190 1062 2241 al.
1089 2196 1221 2239 vett.
1259 2190 1462 2238 Titanus
1497 2190 1632 2239 Exc.
1654 2190 1807 2238 Voss.
1828 2191 1916 2240 alii
1941 2189 2097 2240 codd.
2121 2197 2177 2240 et
2200 2191 2434 2252 impressi
2463 2198 2586 2250 post

363 2256 522 2305 Grut.
553 2255 831 2316 deformium
854 2255 974 2303 edd.
1001 2260 1133 2304 vett.
1152 2261 1275 2303 ante
1300 2254 1459 2304 Grut.
1494 2254 1765 2314 biformium
1787 2255 1919 2304 Exc.
1951 2255 2240 2305 Schonhov.
2266 2255 2389 2304 Vet.
2417 2254 2589 2304 Livin-

362 2321 517 2369 Grnt.
540 2325 596 2369 et
617 2334 730 2384 quae
754 2319 1004 2382 deinceps
1027 2327 1226 2369 secutae
1246 2318 1366 2369 edd.
1402 2319 1625 2380 biformia
1649 2320 1767 2368 cod.
1797 2320 2091 2385 Schwarzii,
2110 2321 2238 2371 Vet.
2271 2320 2497 2370 Putean.
2529 2320 2587 2368 et

361 2385 505 2443 Exc.·
523 2385 680 2433 Voss.
709 2385 910 2449 praepeti
929 2398 1045 2433 cura
1067 2385 1305 2434 Rhenan.
1330 2385 1469 2434 Nav.
1495 2385 1662 2434 Livin.
1683 2385 1749 2435 P.
1775 2391 1831 2433 et
1857 2385 1928 2434 H.
1951 2385 2137 2449 Steph.
2162 2392 2217 2435 et
2241 2384 2417 2434 Rivin.
2476 2398 2588 2446 per·

358 2449 601 2514 pelicum
624 2450 756 2498 Exc.
792 2450 1079 2498 Schonhov.
1111 2450 1245 2498 Exc.
1287 2449 1489 2513 Langii,
1524 2449 1738 2500 Puteal.
1780 2452 1921 2499 1476.
1948 2451 2181 2502 Rhenan.
2209 2451 2335 2500 Vet.
2359 2451 2589 2499 Putean.

259 2524 277 2533 ·
362 2514 571 2564 Bet-tin.
595 2515 813 2576 Cuspin.
839 2514 1008 2563 Paria.
1032 2517 1179 2563 1643.
1204 2513 1372 2562 Banu.
1407 2521 1464 2563 et
1487 2522 1715 2563 receutt.
1761 2516 1967 2564 omnium
1986 2531 2166 2579 quoque
2187 2517 2320 2564 Exc.
2342 2513 2584 2564 Vossian.

363 2580 577 2630 Puteol.
604 2583 750 2635 1416.
773 2580 988 2642 Cuspin.
1023 2579 1261 2631 Rlnenan.
1283 2579 1504 2641 Navius,
1528 2580 1700 2629 Livin-
1725 2578 1793 2629 H.
1813 2586 1865 2628 et
1893 2581 1956 2629 Ρ.
1981 2581 2232 2644 Stephan-
2272 2580 2505 2629 Patarol.
2530 2586 2589 2630 et

360 2644 542 2693 *Rivin.
597 2646 894 2708 omniumque
915 2644 1041 2693 Vet.
1063 2644 1287 2692 Putean.
1312 2642 1430 2693 cod.
1454 2644 1714 2694 Schwarz.
1737 2648 1791 2692 et
1813 2644 1933 2694 edd.
1964 2653 2189 2696 recentt.
2220 2645 2432 2694 ordinem
2453 2645 2585 2693 Exc.

365 2709 523 2759 Vnae.
544 2710 659 2759 cod.
681 2709 942 2758 Schwarz.
964 2715 1020 2758 et
1046 2706 1187 2758 Gud.
1211 2713 1359 2757 2.-5
1384 2714 1399 2737 ⁴
1428 2709 1605 2759 Possis
1631 2710 1789 2757 etiam
1814 2711 2008 2774 legere,
2029 2713 2112 2762 sed
2133 2710 2344 2770 etiamsi,
2374 2709 2507 2757 sicut
2535 2710 2588 2757 in

366 2775 624 2823 nonnullis
648 2773 791 2823 libris
813 2774 1065 2836 scriptum
1098 2773 1405 2837 editumque
1441 2772 1558 2823 est-³
1602 2774 1846 2824 Schwarz.
1910 2776 2107 2836 Verba,
2133 2780 2182 2824 et
2202 2774 2319 2834 sata
2356 2772 2589 2837 disponit,

365 2838 560 2888 desunt
582 2840 634 2888 in
656 2838 894 2888 omnibus
916 2838 1034 2888 edd.
1057 2846 1181 2888 ante
1202 2839 1464 2888 Schwarz.
1498 2846 1702 2889 extant.
1727 2840 1778 2889 in
1804 2838 1959 2889 codd.
1980 2841 2184 2890 Bertin.
2208 2839 2333 2888 vet.
2356 2839 2587 2890 Putean.

368 2903 597 2967 Guelph.
613 2910 667 2952 et
680 2905 811 2952 Exc.
831 2906 985 2953 Voss.
1022 2903 1201 2952 Codex
1223 2903 1506 2954 Schwarzii
1525 2905 1757 2961 exhibet,
1780 2905 1978 2963 etsucta
1994 2905 2223 2969 disponit.
2257 2905 2425 2954 Livin.
2451 2903 2592 2967 conj.

364 2969 499 3018 elem.
522 2985 566 3017 o.
587 2968 794 3030 pacavit,
808 2974 856 3017 et
877 2969 992 3028 fata
1011 2968 1263 3032 disposuit,
1280 2968 1589 3018 nihilominus
1606 2975 1762 3019 tamen
1786 2974 1833 3017 et
1851 2971 2001 3034 ipsus,
2020 2972 2104 3033 διο.
2170 2969 2323 3028 Mox,
2351 2969 2587 3017 Rlienan.
2617 2979 2624 2987 ·

367 3034 443 3084 Η.
469 3034 650 3097 steph.
675 3039 733 3081 et
758 3033 995 3083 Patarol.
1037 3048 1143 3096 quae
1164 3035 1328 3081 tacite.
1384 3033 1577 3095 Vulgg.
1614 3034 1718 3083 coeli
1751 3034 1983 3089 nitentem
2019 3036 2200 3097 impetu
2217 3048 2237 3091 ,·
2271 3033 2394 3082 Vet.
2417 3033 2589 3083 Livin-

367 3098 523 3149 codd.
544 3097 840 3158 Schmin-zu,
861 3109 915 3148 et
939 3099 1070 3147 Exc.
1096 3097 1244 3146 Voss.
1266 3099 1493 3145 nitentem
1525 3098 1706 3162 impetu
1728 3100 1832 3147 coeli
1846 3115 1866 3156 ,-
1901 3113 2053 3162 quam
2079 3098 2357 3148 lectionem
2384 3099 2591 3162 recepit

366 3162 804 3214 Arntzenius.—6
826 3167 841 3190 ‘
861 3163 1084 3215 Quidam
1123 3162 1239 3211 libri
1277 3168 1397 3225 post
1430 3160 1622 3225 itidem,
1661 3168 1858 3226 ponunt
1898 3179 2108 3228 quoque3
2156 3162 2242 3211 alii
2279 3164 2589 3227 simpliciter

366 3244 475 3293 que.
544 3228 711 3279 Nobis
737 3229 1003 3292 praecipue
1028 3228 1220 3289 placet.
1243 3226 1379 3290 quod
1405 3234 1626 3292 utraque
1647 3229 1763 3278 haec
1788 3230 2061 3291 particula.
2082 3244 2199 3279 cum
2223 3229 2279 3278 in
2300 3239 2478 3279 nostro
2502 3244 2591 3278 co-

366 3294 506 3349 dice,
533 3299 641 3343 tum
663 3294 714 3342 in
741 3302 959 3358 utroque
984 3292 1117 3342 libro
1140 3292 1406 3352 Gudiano,
1439 3306 1647 3355 prorsus
1671 3295 1861 3344 omissa
1880 3304 1996 3344 est:
2030 3309 2321 3359 quanquam
2348 3304 2402 3344 et
2427 3294 2593 3357 parti-

368 3360 541 3408 culam
565 3374 654 3421 que
677 3357 903 3421 facilius,
926 3372 1075 3423 quam
1098 3366 1296 3421 quoque,
1311 3355 1604 3408 ferremus.'
1637 3358 1881 3409 Sckwarz.
1947 3361 2213 3424 Itidemque
2235 3360 2358 3409 Vet.
2382 3360 2589 3409 Bertin.

370 3438 459 3487 ap.
480 3423 649 3474 Lirin.
716 3429 731 3452 ‘
758 3423 896 3473 Illud
921 3438 1097 3486 quoque
1120 3423 1342 3471 debetur
1366 3422 1613 3487 librariis,
1634 3439 1695 3502 eo
1719 3439 1859 3473 more
1883 3427 2247 3503 peccantibus,
2269 3423 2336 3475 de
2353 3439 2454 3502 §1¹¹9
2476 3424 2591 3508 dixi,

366 3489 437 3538 ad
462 3489 656 3553 Paneg.
673 3502 795 3553 cap.
820 3493 867 3539 1.
885 3504 938 3554 p.
959 3493 1008 3538 5.
1026 3496 1083 3538 et
1105 3487 1202 3537 hoc
1226 3501 1344 3553 cap.
1364 3501 1416 3538 n.
1437 3491 1488 3539 4.
1513 3488 1688 3540 Vossu
1719 3490 2004 3555 Excerpta,
2029 3491 2207 3541 Itidem
2222 3491 2571 3542 Maximianus.

1366 3614 1589 3669 NOTAE

435 3724 463 3760 ι)
503 3715 666 3766 Vestri
707 3714 785 3766 illi
830 3715 1077 3781 parentes]
1128 3712 1344 3779 Jupiter
1386 3720 1441 3765 et
1525 3722 1666 3768 turn.
1706 3716 1797 3767 lib.
1815 3730 1854 3766 1.
1890 3730 2007 3781 cap.
2029 3720 2111 3767 20.
2146 3714 2284 3781 pube
2316 3720 2467 3766 tenus
2502 3715 2594 3768 ho·

368 3791 651 3843 Hercules.
991 3800 994 3803 ·
1523 3792 1689 3842 mines
1712 3799 1908 3853 essent,
1932 3797 2110 3841 cetera
2121 3799 2412 3855 serpentes.
2460 3792 2596 3844 Sunt

434 3878 461 3912 Ἰ
496 3866 717 3928 Titanas]
748 3867 944 3917 Verum
967 3866 1210 3916 Titanum
1245 3870 1336 3916 aut
1367 3865 1446 3930 gi·
1522 3866 1611 3933 qni
1636 3882 1733 3933 pro
1755 3866 2047 3930 bitot-mium,
2075 3869 2257 3932 legunt
2293 3869 2596 3934 deformium,

370 3953 587 4011 gentum
622 3946 869 3994 adversus
900 3942 1026 3993 deos
1051 3942 1187 3992 bella
1222 3941 1307 3993 cui
1338 3955 1443 3993 non
1524 3942 1578 3993 id
1602 3950 1702 4006 est,
1721 3950 2064 3994 monstrorum
2091 3941 2311 3993 deformi
2332 3943 2594 4009 maguitu-

367 4022 529 4072 nota?
1523 4019 1664 4071 dine.
1687 4019 1762 4070 At
1776 4021 1903 4070 Pan.
1916 4034 1981 4071 ιι.
1996 4023 2099 4070 n.4.
2115 4019 2220 4070 ‘An
2237 4034 2339 4069 non
2354 4020 2477 4070 illud
2489 4034 2596 4071 ma·

435 4105 459 4133 ¹
494 4095 809 4160 Biformium]
844 4096 1154 4161 Gigantum,
1172 4096 1260 4162 qui
1284 4095 1441 4146 bifor·
1523 4097 1629 4147 lum
1653 4097 1819 4147 simile
1841 4103 2188 4147 monstrorum
2212 4094 2557 4155 biformiumi'

370 4189 483 4225 mes
506 4181 794 4240 propterea
807 4172 1221 4238 dicuntur,quod
1245 4173 1444 4238 duplex
1587 4182 1608 4210 ⁸
1642 4174 1980 4241 Omniumque]
2018 4175 2126 4225 Pro
2160 4171 2370 4224 omnium
2401 4186 2599 4237 quoque,

368 4253 449 4315 iis,
467 4251 671 4305 forma:
709 4259 868 4317 atque
899 4258 959 4301 ut
987 4252 1064 4304 ait
1093 4251 1331 4304 Macrob.
1352 4249 1445 4300 Sa·
1517 4249 1674 4316 juxta
1696 4259 1923 4302 veterem
1947 4249 2200 4300 codicem.

505 4334 682 4398 Delph.
703 4338 750 4384 et
777 4331 896 4384 Vur.
917 4331 1048 4382 Cius.
1325 4330 1520 4394 Paneg.
1549 4331 1660 4384 Vet-
2343 4331 2376 4378 4
2410 4324 2463 4376 G
