3084 4959
565 338 899 393 nnuman
948 337 1225 389 nune.
1272 335 1817 389 consul-{rme
1870 337 2050 388 Ano.
2085 337 2224 387 vn.
2266 322 2330 389 1.
2420 319 2604 390 1343

447 489 563 541 cap.
583 489 641 527 x.
680 476 1050 526 Bructerorum
1072 472 1204 525 fines
1225 472 1493 537 ingressus
1511 486 1602 523 eos
1623 472 1983 523 internecione
2008 471 2171 536 delet,
2191 486 2311 535 esp.
2337 484 2444 525 xu.
2487 472 2593 524 Re·

446 559 617 622 liquos
650 555 1025 622 Agrippinensi
1058 562 1220 620 ponte
1248 552 1391 604 facto
1426 554 1503 604 ita
1535 558 1720 617 terret,
1740 561 1800 603 ut
1823 567 1886 602 eo
1921 553 2010 602 vix
2046 553 2180 601 bene
2214 552 2456 601 inchoato
2479 552 2591 616 jam

446 638 713 703 supplices
736 637 1004 701 obsidibus
1026 636 1217 686 oblatis
1243 651 1425 701 pacem
1451 642 1655 700 petant,
1674 649 1793 698 cap.
1820 646 1949 684 xm.
1999 632 2307 682 Maximiani
2332 632 2459 681 vitia
2480 630 2594 680 obl·

446 726 530 771 ter
555 719 783 781 attingit,
805 719 1094 781 presertim
1119 719 1380 781 ingratum
1411 717 1525 781 ejus
1550 717 1601 766 iu
1627 716 2030 767 Constantinum
2064 714 2306 774 animum,
2326 727 2444 776 cap.
2475 725 2597 763 xiv.

448 800 763 850 Diocletiani
796 798 910 865 (qui
931 800 1136 849 Salonae
1162 798 1329 849 adbuc
1350 799 1587 861 privatus
1619 795 1853 862 vivebat)
1875 796 1925 846 in
1959 795 2227 859 proposito
2250 793 2595 843 constantiam

448 880 650 945 laudat,
670 895 790 945 cap.
811 893 905 930 xv.
971 880 1175 931 Iterum
1199 879 1337 929 redit
1362 878 1427 928 ad
1453 878 1884 929 Constantinumz
1920 891 2071 941 quarn
2098 890 2251 925 carus
2274 872 2434 926 fuerit
2461 873 2599 923 mili·

448 960 611 1023 tibus,
632 975 762 1025 quos
795 959 862 1009 ab
885 973 947 1008 eo
981 959 1286 1009 Maximiani
1312 958 1563 1022 promissa
1594 965 1647 1007 et
1682 957 1985 1021 largitiones
2021 969 2243 1006 avocare
2278 969 2378 1004 non
2410 962 2596 1018 potue·

450 1042 574 1100 rint,
607 1055 724 1105 cap.
757 1052 878 1090 xvr.
943 1041 1154 1092 Quanta
1192 1041 1462 1090 alacritate
1497 1039 1743 1089 adversus
1775 1036 2152 1088 Maximianum
2190 1034 2455 1085 Arelatem
2492 1034 2601 1098 pri·

449 1137 609 1184 mum,
642 1130 750 1172 tum
782 1120 1073 1171 Massiliam
1107 1121 1453 1177 convolarint,
1474 1134 1595 1183 cap.
1618 1132 1763 1169 xvn.
1832 1118 2081 1168 Massiliae
2116 1117 2460 1181 oppugnatio,
2478 1129 2600 1178 cap.

451 1216 625 1254 xvm.
694 1201 1026 1253 Constantini
1060 1216 1184 1265 erga
1208 1203 1371 1253 victos
1404 1202 1597 1267 pietas,
1630 1215 1751 1265 cap.
1773 1212 1900 1249 ιιι.
1967 1197 2231 1248 Barbaros
2255 1204 2371 1260 post
2400 1195 2510 1260 ejus
2542 1196 2594 1245 in

448 1283 658 1345 Italiam
681 1282 966 1332 discessum
991 1284 1317 1348 eruptionem
1349 1283 1663 1334 meditantes
1695 1280 1969 1346 repentino
2004 1278 2174 1329 reditu
2208 1292 2301 1327 suo
2323 1276 2598 1341 reprimitz

447 1364 542 1413 bas
565 1364 807 1414 victorias
833 1362 1061 1428 Apollini
1087 1364 1289 1430 tribuit.

385 1446 449 1497 In
473 1445 573 1495 fine
597 1453 748 1509 optat
772 1452 831 1494 ut
854 1444 919 1493 ad
947 1445 1215 1495 visendum
1238 1444 1496 1509 Apollinis
1531 1443 1783 1507 templum
1820 1440 2034 1490 AEduam
2059 1438 2321 1488 divertat:
2357 1436 2430 1487 sic
2460 1436 2598 1485 enim

452 1525 632 1576 urbem
662 1526 815 1575 simul
850 1525 1044 1575 viderit
1080 1540 1196 1576 esse
1229 1523 1624 1586 restituendam,
1658 1536 1775 1584 cap.
1809 1533 1960 1571 xxn.
2022 1519 2240 1569 Liberos
2272 1532 2393 1568 snos
2423 1523 2601 1567 orator

434 1606 753 1671 ,imperatori
781 1607 1130 1665 commendat.
1155 1620 1269 1671 cap.
1288 1617 1459 1655 xxm.

386 1796 569 1862 CAP.
603 1811 655 1861 1.
701 1792 767 1856 1.
803 1772 1231 1873 FACERE&
1263 1791 1720 1859 sacratissime
1748 1789 2148 1874 Imperator,
2176 1787 2355 1871 quod
2383 1787 2596 1872 paulo

387 1914 545 1974 ante
570 1905 738 1971 mihi
767 1903 1067 1988 plerique
1091 1901 1467 1972 suaserunt,
1496 1901 1577 1957 ut
1599 1892 1917 1976 quoniam
1949 1888 2275 1973 majestas
2293 1894 2407 1953 tua
2422 1888 2598 1953 hunc

384 2006 844 2076 mediocritati
873 2022 1045 2077 mese
1093 2000 1274 2064 diem
1311 1997 1382 2061 in
1422 1995 1557 2059 ista
1601 1994 1926 2059 civitate²
1969 1992 2475 2057 celeberrimum
2507 1989 2597 2054 ad

384 2111 746 2177 dicendum
779 2108 1103 2182 dedisset,
1135 2102 1222 2166 de
1254 2119 1338 2165 eo
1360 2099 1517 2182 ipso
1537 2096 1845 2160 ducerem
1866 2095 2194 2159 sermonis
2218 2090 2597 2171 exordium,

383 2212 518 2277 nisi
549 2232 654 2277 me
689 2212 776 2275 ab
804 2209 937 2274 hoc
968 2205 1227 2289 duplex
1270 2200 1443 2266 ratio
1488 2202 1854 2275 revocaret,
1888 2193 2452 2271 considerantem,
2481 2212 2601 2257 ne-

385 2334 516 2400 que
544 2313 790 2378 mediae
832 2309 1054 2376 aetatis
1083 2304 1416 2370 hominem
1439 2299 1466 2340 '³
1509 2304 1854 2365 ostentare
1882 2297 2127 2362 debere
2172 2295 2465 2361 subitam
2500 2293 2599 2358 di-

386 2414 580 2479 cendi
618 2413 1038 2488 facultatem,
1072 2424 1292 2491 neque
1331 2402 1421 2468 ad
1453 2420 1647 2466 aures
1676 2400 1846 2465 tanti
1876 2397 2169 2464 numinis
2201 2397 2595 2481 quicquam,

1300 2580 1675 2605 “OOOWOO

449 2685 606 2736 Hunc
628 2685 830 2746 Paneg.
853 2677 1093 2740 ἂνονῦμως
1124 2675 1406 2727 ediderunt
1438 2631 1674 2724 Rhenan.
1711 2670 1783 2720 H.
1810 2669 1997 2731 Steph.
2030 2673 2088 2717 et
2120 2645 2293 2717 Rivin.
2322 2672 2378 2714 et
2410 2663 2602 2713 Incerto

381 2750 662 2800 ascribitur
684 2750 738 2799 in
762 2746 1085 2798 variantibus
1107 2757 1172 2792 ex
1193 2743 1420 2792 Putean.
1443 2754 1531 2804 ap.
1555 2738 1741 2788 Arntz·
1789 2736 1999 2785 Nomen
2021 2732 2245 2783 Eumenii
2261 2728 2603 2794 proefixerunt

386 2817 558 2867 Lirin.
580 2814 644 2863 P.
663 2813 848 2877 Stepb.
871 2812 1030 2862 Grut.
1054 2815 1109 2859 et
1133 2812 1357 2857 recentt.

452 2881 590 2931 Car.
612 2892 653 2927 1.
720 2883 748 2927 1
789 2876 957 2926 Rivio.
981 2880 1038 2925 et
1056 2873 1179 2923 edd.
1213 2878 1346 2921 vett.
1377 2871 1750 2933 persuaserunt,-
1782 2862 2012 2927 Guelph.
2033 2860 2208 2911 Moerl.
2233 2858 2353 2908 Vet.
2378 2858 2601 2909 Putean.

386 2946 514 2995 Vet.
543 2944 708 2993 Lirin.
734 2942 941 2992 Bertin.
961 2940 1131 2990 Paris.
1154 2936 1389 2987 Patarol.
1415 2934 1608 2982 Cellar.
1632 2933 1787 2979 Grut.
1812 2938 1867 2979 et
1892 2935 2115 2978 reeentt.
2144 2928 2412 2974 suosemnt.
2475 2923 2601 2972 Vet.

386 3010 557 3059 Livin-
588 3008 716 3057 diem
745 3006 921 3056 oeds‘um
958 3004 1012 3053 in
1044 3004 1177 3060 ism,-
1210 3001 1333 3050 edd.
1374 3006 1504 3047 vett.
1537 2997 1663 3046 dim
1695 2995 1828 3045 dicto
1856 2996 1909 3043 in
1941 2993 2073 3049 istm·
2105 2991 2231 3040 illud
2266 2990 2396 3038 dicto
2424 2987 2604 3037 delent

389 3073 618 3138 Guelph.
659 3073 786 3122 Eae.
824 3073 974 3119 Voss.
1014 3068 1157 3119 Gud.
1189 3065 1362 3115 Moerl.
1401 3063 1569 3111 Lirin.
1588 3062 1759 3110 Baun.
1782 3058 2017 3107 Patarol.
2041 3065 2095 3106 et
2116 3055 2309 3116 Jaeger.
2376 3051 2605 3115 Deos’pso

387 3130 662 3201 H.‘Steph.
681 3143 735 3187 et
760 3135 932 3186 Rivin.
963 3135 1023 3183 de
1044 3148 1098 3182 eo
1115 3132 1220 3195 ipso
1242 3130 1365 3179 Vet.
1385 3128 1613 3177 Putean.
1633 3125 1763 3173 Exc.
1778 3121 2074 3172 Schonbov.
2092 3119 2284 3181 aliique
2307 3117 2458 3167 codd.
2483 3131 2602 3166 curn

388 3204 598 3268 reliquis
621 3201 856 3252 omnibus
878 3199 1002 3249 edd.
1025 3207 1078 3248 et
1102 3199 1177 3246 sic
1200 3195 1342 3259 conj.
1362 3193 1595 3242 Rhenan.
1624 3187 1919 3238 consideravi
1940 3200 2142 3248 namque
2163 3183 2336 3233 Moerl.
2368 3181 2602 3244 Guelph.

387 3274 443 3319 et
479 3270 609 3318 Exc.
632 3268 784 3317 Voss.
818 3272 836 3295 ‘
859 3264 1123 3315 contrario
1166 3261 1323 3326 plane
1357 3254 1549 3307 seusu?
1590 3256 1775 3316 Joeger.
1853 3255 1870 3280 ⁴
1895 3252 2127 3314 Vulgata
2164 3256 2364 3297 tantum
2403 3245 2606 3323 prob-af

386 3336 566 3386 Amtz.
628 3333 796 3384 debere
815 3331 1073 3393 subjectam
1095 3327 1271 3377 Μαι-1.
1334 3324 1486 3386 Mox,
1508 3320 1649 3372 idern
1677 3317 1797 3369 cod.
1820 3325 1874 3369 et
1897 3318 2029 3367 Exc.
2048 3316 2197 3365 Voss.
2217 3313 2465 3363 omittunt
2488 3325 2606 3360 nm.

1412 3453 1460 3504 N
1469 3449 1639 3503 01·AE

454 3589 480 3618 ⁸
516 3582 662 3633 Diem
677 3582 730 3632 in
744 3582 840 3632 istu
855 3551 1074 3645 civitate]
1100 3578 1306 3642 Opinor
1320 3576 1453 3626 Tre·
1533 3578 1693 3622 aetate
1734 3568 1901 3634 qualis
1944 3579 2045 3630 ego
2082 3576 2215 3624 snm,
2257 3556 2605 3619 extemporali

390 3660 617 3721 verensi,
640 3660 788 3724 cujus
811 3664 918 3706 tum
953 3656 1064 3706 dies
1097 3655 1284 3705 natalis
1317 3653 1454 3702 cele·
1534 3646 1785 3697 orationis
1842 3656 2035 3706 genere
2093 3638 2169 3688 uti
2226 3649 2334 3714 non
2389 3632 2605 3683 debere.

388 3736 643 3788 brabatur
679 3742 736 3784 ut
766 3733 1003 3794 dicturus
1039 3737 1120 3780 est
1153 3744 1270 3793 cap.
1308 3740 1457 3778 xxu.
1534 3722 1713 3772 ‘AEtas
1737 3716 1935 3769 media'
1955 3715 2147 3766 dicitur
2168 3713 2274 3767 illa,
2293 3724 2408 3773 quas
2423 3714 2505 3758 est
2527 3708 2608 3758 in-

390 3815 457 3866 In
481 3814 594 3862 aliis
617 3818 697 3862 est
719 3811 846 3860 diem
876 3810 1006 3858 dicto
1030 3808 1083 3856 in
1115 3806 1212 3857 ista
1243 3804 1454 3859 ciuitate,
1534 3804 1619 3849 ter
1641 3797 1917 3862 juventam
1942 3800 1999 3843 et
2021 3795 2306 3841 senectam.
2373 3785 2421 3835 Α
2447 3785 2605 3835 trice·

386 3888 480 3940 sed
502 3887 733 3939 voculam
756 3886 911 3941 erasi,
933 3896 1086 3947 quam
1121 3896 1156 3931 a
1176 3878 1341 3929 veteri
1364 3892 1454 3928 ex·
1536 3876 1667 3926 simo
1704 3873 1871 3924 ferme
1902 3870 2124 3921 sumitur
2161 3866 2225 3916 ad
2267 3862 2606 3929 quadragesi·

387 3965 605 4031 emplari
631 3965 812 4015 abesse
836 3963 914 4013 ait
938 3960 1225 4023 Livineius,
1246 3965 1304 4008 et
1337 3970 1454 4021 qno
1535 3966 1702 4004 mum„
1722 3963 1935 4002 annum.
2002 3944 2213 3996 Dicitur
2256 3957 2288 3991 a
2326 3939 2497 3989 Tullio
2534 3937 2603 4026 de

392 4046 566 4108 reipsa
588 4042 965 4093 obscuritatem
983 4035 1137 4087 affert
1156 4033 1454 4086 sententiae.
1535 4033 1737 4077 senect.
1769 4029 1853 4076 ⁷6.
1889 4031 2020 4073 aetas
2054 4028 2331 4071 constans:
2381 4014 2446 4065 ab
2487 4015 2601 4078 altis

451 4118 476 4156 ὓ
507 4118 692 4170 Medioe
727 4117 892 4167 atatis
934 4113 1193 4179 hominem]
1250 4110 1315 4161 Id
1352 4116 1454 4168 est,
1535 4102 1681 4167 ἀκμὴ,
1707 4103 1876 4156 oetatis
1901 4101 2064 4166 rigor.
2082 4098 2283 4162 Paneg.
2308 4107 2391 4146 tx.
2413 4096 2464 4145 8.

389 4193 649 4246 bominem
695 4204 972 4259 progressa
1007 4188 1121 4255 jam
1165 4195 1222 4239 et
1256 4191 1459 4237 matura
