3084 4959
2464 309 2641 382 1283

426 482 799 543 castrorum
842 484 1001 562 post
1045 475 1173 541 hoc
1212 496 1462 556 novum
1493 477 1563 541 in
1591 477 1758 542 mari
1788 476 2089 541 vallum?
2180 474 2246 538 4.
2293 470 2479 552 Quid
2523 476 2649 539 erit

433 583 695 659 mirum,
727 582 788 644 si
816 601 955 663 qua
982 599 1321 645 murorum
1354 588 1474 645 aut
1504 581 1692 645 arieti
1724 600 1855 644 non
1884 579 2170 643 cesserit
2199 578 2503 659 firmitaS,
2530 586 2647 645 aut

435 684 786 748 machinas
836 683 1219 766 despexerit
1270 682 1649 747 altitudo'l‘
1702 702 1855 746 cum
1909 679 2225 745 Oceanus
2272 680 2414 755 ille,
2461 687 2648 746 tanto

434 785 751 850 libratus⁸
793 784 1077 867 impetu,
1106 791 1295 851 tanta
1329 785 1508 848 mole
1539 802 1969 865 consurgene,
2003 783 2148 848 sive
2177 782 2654 861 ulterioribus,t

428 900 518 952 ,ut
550 887 790 965 ferunt,
824 886 1017 951 terris
1048 887 1382 970 repulsus,
1411 888 1557 951 sive
1589 885 1916 963 anhelitu,
1950 904 2087 968 quo
2118 885 2423 968 respirat,
2456 903 2647 950 evec-

430 994 570 1066 ωε,
615 1009 734 1052 seu
781 1008 1206 1072 quacumque
1249 988 1389 1053 alia
1430 989 1695 1053 ratione
1741 993 1985 1065 motuS,
2036 1006 2465 1071 nequaquam
2514 992 2654 1063 tua,

441 1090 731 1168 caesar,¹¹
766 1091 1060 1156 claustra
1099 1090 1514 1175 perfregerit,
1547 1110 1772 1173 neque
1812 1091 2081 1154 omnino
2113 1089 2511 1153 convellerit
2550 1097 2655 1153 tot

432 1192 694 1262 dierum
727 1212 809 1258 ac
846 1194 1144 1258 noctium
1183 1201 1488 1276 receptu,
1534 1197 1998 1276 recursuque,v
2035 1211 2187 1255 cum
2220 1195 2325 1256 tot
2364 1190 2653 1270 interim,

443 1315 576 1378 qua
620 1302 836 1360 terras
879 1294 1302 1369 circumfluit,
1332 1295 1565 1359 littora
1608 1295 1925 1371 solveret,
1963 1294 2281 1377 ripasque
2328 1292 2653 1375 defringe·-

441 1404 589 1477 ret3
634 1417 773 1461 uno
816 1398 961 1474 illo,
992 1403 1065 1463 ut
1103 1417 1212 1461 res
1241 1402 1364 1474 est,
1389 1396 1544 1461 loco
1576 1402 1694 1460 aut
1724 1397 2036 1479 potentia
2068 1403 2308 1460 vestrae
2341 1395 2657 1479 majesta-

436 1499 535 1565 tis
566 1498 859 1577 inferior,
888 1507 1008 1564 aut
1038 1518 1161 1581 pro
1192 1497 1422 1563 debito
1453 1499 1654 1561 vobis
1684 1497 1939 1561 honore
1970 1496 2384 1561 clementior.

439 1645 443 1651 ι
532 1599 634 1664 CA
651 1619 729 1664 ι).Ἴ
758 1616 895 1666 vn.
973 1603 1037 1664 1.
1085 1599 1424 1678 Xerxes}
1465 1605 1541 1665 ut
1585 1600 1817 1678 audio,
1848 1599 2212 1664 Persarum
2258 1618 2380 1662 rex
2423 1605 2660 1682 poten·-

984 331 1471 392 consrswrto
1515 321 1839 383 cAEsAm.
1917 332 1989 382 va
2032 318 2102 382 7.

489 1791 529 1840 ,f
562 1785 623 1834 Si
656 1784 782 1833 muri
803 1785 956 1848 aliqui
980 1787 1059 1835 vet
1087 1791 1292 1850 propter
1299 1782 1595 1850 firmitatem
1627 1784 1773 1836 arieti
1793 1783 2085 1840 restiterint,
2121 1784 2194 1832 vel
2225 1787 2419 1847 propter
2444 1782 2663 1848 altitudi-

445 1861 550 1899 nem
572 1849 816 1901 machinas
835 1851 1132 1914 superarint.
1290 1874 1296 1882 ·

1376 1941 1618 1964 “0010“
1622 1940 1744 1961 ‘m

444 2071 640 2122 usquam
665 2058 800 2122 conj.
825 2059 1089 2111 Lirim—4
1120 2060 1252 2110 Edd.
1280 2067 1410 2110 vett.
1429 2058 1474 2107 si
1495 2073 1601 2122 quoe
1623 2072 1862 2107 murorum
1879 2074 1898 2115 ,·
1937 2059 2058 2107 Vet.
2093 2058 2260 2107 Livin.
2286 2056 2504 2121 cuspin.
2525 2057 2662 2105 Rhe-

447 2135 569 2173 nau.
595 2124 822 2188 Guelph.
841 2123 929 2174 ed.
955 2124 1027 2175 H.
1052 2125 1239 2189 Steph.
1261 2132 1317 2174 et
1342 2132 1567 2175 recentt.
1590 2127 1634 2170 si
1655 2138 1747 2184 qua
1763 2137 2022 2171 murorum.
2089 2130 2105 2152 ·
2124 2124 2231 2172 Pro
2250 2123 2494 2176 liberatus,
2515 2123 2660 2185 qnod

448 2188 601 2237 estin
627 2188 840 2252 Cuspiu.
883 2190 1116 2240 Rlnenan.
1153 2191 1335 2251 Steplt.
1372 2189 1540 2239 Livin.
1578 2187 1750 2236 Paris.
1790 2189 1962 2251 priore
1998 2196 2054 2236 et
2094 2187 2270 2237 Moerl.
2309 2189 2448 2236 nullo
2490 2201 2665 2246 sensu,

448 2251 714 2302 Livineius
750 2251 1044 2316 suspicatur
1076 2256 1352 2319 legendum
1386 2270 1504 2304 esse
1539 2253 1760 2302 libratus.
1828 2252 1961 2302 Quae
1988 2252 2167 2312 lectio,
2193 2261 2249 2301 et
2284 2252 2400 2301 cod.
2440 2251 2563 2300 Put.
2607 2261 2664 2301 et

447 2318 590 2367 Gud.
617 2317 942 2383 confirmata,
964 2326 1019 2368 et
1056 2319 1109 2367 iu
1144 2321 1375 2383 margine
1416 2316 1502 2367 ed.
1542 2318 1710 2366 Rhen.
1744 2319 2001 2379 apposita,
2038 2326 2352 2380 receptaque
2376 2332 2404 2364 s
2441 2316 2665 2373 Baunio‚

448 2382 695 2439 cellario,
721 2383 986 2443 Patarolo,
1008 2384 1157 2434 nobis
1180 2398 1384 2450 quoque
1404 2390 1487 2433 est
1506 2380 1794 2430 servanda?
1816 2382 2003 2443 Jceger.
2072 2388 2085 2411 ⁶
2105 2381 2168 2431 In
2188 2381 2419 2443 Guelph.
2443 2387 2545 2440 est,
2565 2381 2665 2429 sive

449 2447 743 2497 uberioribus
756 2463 776 2506 ,·
810 2448 983 2499 male.’
1002 2448 1233 2499 Arntm.
1263 2449 1437 2498 Moert.
1460 2455 1515 2495 et
1536 2446 1676 2495 Gud.
1699 2461 1835 2508 quem
1857 2447 2079 2509 respirat.
2117 2446 2252 2495 Edd.
2276 2455 2407 2496 vett.
2428 2460 2669 2509 nunquam

449 2517 532 2560 tua
553 2528 573 2569 ,·
604 2512 729 2562 Vet-
757 2514 978 2562 Putean.
1001 2513 1141 2564 Gud.
1165 2514 1341 2563 Moerl.
1366 2510 1593 2571 Guelph.
1627 2525 1917 2572 nequaquam
1938 2517 2038 2559 tua.
2111 2511 2331 2574 Cuspin.
2363 2516 2566 2572 receptu,
2591 2525 2668 2557 oc-

450 2590 684 2699 cas-uque
702 2594 738 2690 't
754 2578 925 2628 Baun-
948 2579 1096 2628 malit
1116 2593 1421 2642 excursuque.
1488 2577 1639 2634 Mox,
1664 2576 1833 2624 Livin.
1857 2575 1990 2638 conj.
2014 2575 2360 2642 diffringereu
2398 2575 2665 2623 Acidulius

451 2656 478 2687 r
527 2655 716 2704 ringere
744 2675 759 2691 .

1457 2737 1677 2789 NOTAE

519 2842 539 2867 ⁰
571 2832 827 2901 Libratus]
853 2835 914 2885 In
935 2836 1045 2887 aliis
1062 2838 1253 2902 legitur
1272 2836 1521 2901 liberatus,

456 2910 595 2974 quod
621 2924 721 2958 non
746 2910 821 2960 ita
844 2912 1055 2972 placuit.

450 3029 455 3034 .
519 2987 537 3018 ¹
570 2985 685 3034 Sive
737 2987 1069 3049 ulterioribus]
1137 2988 1301 3037 Maris
1358 2995 1555 3036 aestus.

445 3075 624 3112 cause
649 3076 679 3111 a
701 3063 1021 3127 philosophis
1042 3064 1199 3113 variae
1217 3062 1523 3113 afferuntur.

455 3136 561 3187 Hic
581 3137 708 3187 duas
732 3139 929 3201 tangitz
966 3139 1094 3200 sive,
1114 3140 1280 3204 iuquit
1302 3153 1331 3188 a
1353 3138 1522 3187 ventis

459 3215 762 3278 repellatur.
778 3216 874 3278 iisq
882 3230 946 3264 ue
961 3216 1289 3267 cessantibus
1308 3214 1489 3265 refluet
1506 3230 1523 3276 ς

354 3351 361 3358 .
458 3292 586 3348 sive,
633 3297 692 3340 ut
730 3291 1086 3356 Pythagoraei,
1134 3292 1412 3347 Platonici,
1467 3299 1525 3340 et

455 3364 622 3416 Stoici
664 3367 938 3430 putabant.
976 3382 1121 3418 mare
1162 3368 1345 3431 ingens
1388 3372 1525 3416 esset

459 3443 670 3504 animal,
687 3444 823 3507 quod
847 3449 962 3493 cum
983 3460 1040 3493 se
1059 3445 1322 3493 contrahit
1342 3452 1398 3493 ut
1417 3443 1523 3506 spi·

456 3519 616 3567 ritum
640 3516 846 3568 hanni-ist
866 3520 1194 3583 animamque
1214 3521 1392 3580 ducat,
1417 3528 1525 3568 tum

458 3600 544 3641 est
565 3606 838 3641 recessus:
875 3607 990 3643 cum
1014 3605 1138 3642 vero
1171 3595 1359 3643 dilatat
1392 3608 1448 3643 se
1471 3601 1527 3643 et

461 3667 680 3718 eandem
694 3668 925 3717 enimam
949 3670 1110 3719 veluti
1144 3684 1178 3719 a
1200 3670 1528 3731 pulmonibus

459 3742 714 3804 respirat,
731 3748 842 3791 tum
866 3755 988 3791 vero
1010 3750 1094 3791 est
1109 3757 1366 3793 accessus.
1403 3744 1529 3793 Plu·

452 3832 528 3867 ,ra
545 3830 659 3866 eam
689 3817 742 3866 in
778 3830 886 3866 rem
923 3816 1088 3868 videri
1118 3826 1356 3882 possunt,
1391 3818 1530 3881 apud

463 3895 693 3944 Aristot.
719 3896 948 3944 Meteor.
971 3894 1062 3946 tib.
1086 3910 1150 3946 ιι.
1186 3898 1327 3947 Ptin.
1353 3912 1415 3948 ιι.
1450 3901 1532 3946 97.

450 3972 687 4032 ‘Melinum
711 3984 799 4020 ιιι.
823 3977 869 4021 1.

529 4044 888 4111 ¹'lNequuquum
910 4048 1196 4113 [nunquam]
1220 4053 1321 4112 tua,
1348 4050 1537 4114 Cesar]

458 4121 660 4188 ,Melius
682 4129 800 4178 mes
824 4125 1037 4188 quidem
1061 4126 1344 4184 sententia,
1362 4140 1535 4189 nequa-

465 4213 606 4262 quam
636 4206 724 4251 tua
761 4202 942 4259 Goesar,
968 4210 1027 4252 ut
1063 4201 1346 4252 restituunt
1378 4203 1534 4268 aliqui

1604 2848 1670 2882 ex
1698 2832 1860 2882 veteri
1885 2833 2086 2883 codice.
2150 2835 2288 2884 Nam
2318 2833 2489 2896 reipsa
2512 2834 2672 2881 moles

1602 2912 1695 2960 illa
1717 2911 1941 2960 dissiluit
1979 2919 2093 2973 post
2130 2910 2428 2960 confectam
2460 2909 2672 2972 expedi·

1607 2988 1827 3035 tionem:
1867 2987 2001 3046 quod
2027 3000 2145 3033 mox
2173 2986 2340 3034 addit.

1671 3063 1696 3094 V
1730 3061 2060 3124 Recursuque]
2106 3062 2298 3111 Melius
2331 3059 2558 3111 fortasse
2590 3078 2675 3113 ex·

1604 3137 1927 3208 cursuque2id
1955 3148 2058 3201 est,
2080 3138 2247 3200 abitu,
2270 3138 2567 3202 redituque.

1670 3225 1694 3251 ⁸
1729 3216 1948 3279 Xerxes]
1978 3216 2065 3266 Its
2090 3216 2330 3266 referunt
2356 3216 2677 3284 Herodotus,

1606 3292 1866 3341 Diodorus
1902 3289 2131 3355 Siculus,
2164 3293 2426 3352 Justinus,
2461 3301 2516 3341 et
2548 3294 2698 3343 Plu:

1607 3369 1817 3419 tarchus
1858 3369 1909 3418 in
1952 3368 2200 3419 Themist.
2269 3369 2322 3418 Is
2362 3370 2527 3419 Dario
2563 3370 2675 3434 Hy·

1607 3445 1797 3508 stsspis
1815 3443 1922 3495 filio
1942 3453 2095 3495 natus
2116 3446 2321 3508 paterni
2346 3446 2491 3508 regni
2508 3455 2678 3511 ⁴atque

1610 3520 1715 3570 odii
1731 3522 1782 3569 in
1806 3521 2027 3570 Graecos
2052 3521 2436 3583 hoeres,juncto
2459 3521 2678 3569 navibus

1611 3596 1985 3659 Hellesponto,
1999 3604 2053 3646 et
2073 3596 2213 3646 Atho
2230 3602 2405 3646 monte
2423 3594 2678 3658 perfosso,

1611 3686 1730 3720 eum
1754 3672 2102 3735 septingentis
2140 3671 2281 3721 mille
2316 3670 2599 3733 peditibus,
2625 3687 2681 3720 e-

1612 3746 1840 3809 quitibus
1858 3747 2254 3810 quadringentis
2270 3747 2535 3797 Graeciam
2557 3762 2679 3796 con-

1616 3820 1805 3871 tendit.
1870 3823 2066 3871 Verum
2092 3837 2121 3871 a
2148 3823 2378 3872 Leonida
2399 3822 2681 3887 Spartano·
2776 3859 2783 3868 .

1595 3910 1729 3964 *rum
1768 3909 1891 3960 rege
1927 3897 2062 3945 inter
2096 3898 2555 3962 Thermopylarum
2591 3915 2680 3948 an·

1618 3972 1819 4037 gustias
1842 3972 2101 4033 funditur,
2123 3975 2416 4040 iterumque
2447 3977 2681 4025 Themis·

1618 4049 1767 4098 toclis
1814 4050 2209 4100 Atheniensium
2257 4049 2407 4102 ducis
2454 4052 2573 4101 dolo
2620 4067 2680 4102 nc

1617 4127 1815 4177 virtute
1838 4127 1903 4175 ad
1937 4126 2199 4176 Salamina
2235 4129 2405 4176 victus
2444 4126 2676 4192 fugatus·

1616 4217 1739 4269 que,
1763 4204 2042 4267 piscatoria
2076 4205 2267 4269 scapha
2302 4204 2352 4254 in
2390 4204 2561 4257 Asiam
2601 4221 2680 4256 re·
