3084 4959
444 361 619 427 1272
823 375 1007 426 vrrs
1055 377 1166 426 n..
1217 376 1393 426 vn„
1439 375 1901 427 consuitur
1951 380 2262 430 ennom.

444 521 800 608 singularis
831 528 1008 586 esset
1036 521 1121 589 ab
1162 520 1459 588 Eusebio
1504 523 1959 605 praetermissa
1981 525 2011 585 ’ἱ
2080 521 2178 589 Ut
2207 531 2280 587 ut
2306 530 2431 604 est,
2464 524 2640 590 Gon-

444 623 759 704 stantiuS,
788 623 1016 689 liberis
1055 642 1281 689 coram
1315 624 1725 710 astantibus,
1768 623 2301 704 Constantinum,
2332 628 2452 711 qui
2492 629 2641 693 reli·-

443 745 618 809 quos
647 731 852 792 aetate
876 733 945 791 et
966 726 1325 791 virtutibus
1344 726 1664 805 anteibat,
1684 725 2016 794 haeredem
2040 727 2297 812 imperii
2317 730 2644 809 nominat,

444 847 525 893 ac
553 828 854 906 moritur,
886 844 1048 894 v111.
1081 828 1246 896 Kal.
1275 826 1450 911 Aug,
1481 834 1688 913 atque
1730 828 1829 893 ibi
1871 829 2255 895 tumulatur.
2303 831 2558 896 Euseb.
2591 849 2643 896 1.
2699 861 2704 868 ‚

439 931 548 996 15.
637 930 844 997 Hanc
897 928 1320 997 Constantini
1367 931 1767 996 electionem
1805 930 2105 996 universi
2141 933 2479 1006 exercitus
2506 933 2651 999 suf-

439 1033 656 1117 fragio
714 1036 1223 1119 comprobatam
1291 1033 1388 1099 ait
1445 1032 1834 1099 Eumenius·
1924 1032 2375 1099 Christianum
2427 1034 2646 1100 fuisse

442 1135 912 1203 Constantium
944 1156 1073 1203 non
1103 1156 1236 1202 uno
1262 1137 1333 1201 in
1359 1137 1514 1203 loco
1546 1136 1800 1203 indicat
1827 1136 2192 1202 Eusebius.
2245 1135 2645 1202 Christianis

438 1246 619 1304 certe
646 1238 1293 1305 admodum-favisse
1321 1257 1517 1303 nemo
1546 1239 1785 1304 nescit.
1870 1237 2070 1303 Anno
2099 1239 2327 1304 aetatis
2357 1238 2465 1303 56.
2498 1240 2645 1305 obi-

439 1343 579 1408 isse
607 1340 813 1409 tradit
844 1340 1310 1426 Nicephorus:
1358 1360 1448 1408 ex
1467 1342 1717 1425 quibus
1742 1341 2079 1407 Eusebius
2104 1341 2213 1406 16.
2237 1340 2499 1425 imperii
2525 1360 2645 1407 an-

439 1464 568 1511 nos
600 1449 973 1529 computat,
1005 1442 1317 1508 videlicet
1345 1444 1431 1507 ab
1463 1462 1549 1507 eo
1577 1450 1899 1528 tempore,
1925 1462 2063 1527 quo
2086 1441 2380 1508 Caesaris
2409 1463 2648 1508 nomen

440 1548 754 1614 obtinuit.
844 1546 1013 1612 Cum
1043 1552 1271 1611 autem
1301 1543 1544 1610 Victor
1575 1544 1844 1613 Schotti
1872 1545 2085 1610 nostri
2115 1545 2222 1610 13.
2254 1564 2467 1610 annos
2495 1544 2646 1630 ejus

438 1651 862 1737 principatus
884 1655 1212 1726 numerat,
1242 1646 1561 1731 intelligit
1590 1654 1853 1733 tempus
1881 1666 2016 1733 quo
2047 1646 2280 1712 Caesar
2305 1648 2454 1714 fuit.

450 1801 461 1810 .
529 1751 829 1819 Natione
880 1756 1160 1829 tantum,
1211 1770 1348 1815 non
1391 1751 1627 1836 specie
1671 1752 1997 1833 corporis,
2023 1770 2156 1815 non
2198 1751 2486 1834 ingenio,
2514 1770 2647 1816 non

438 1855 741 1938 moribus
770 1853 1092 1919 barbarus
1119 1852 1274 1929 fuit,
1303 1871 1506 1937 quem
1551 1871 1677 1918 sua
1718 1852 2078 1933 modestia,
2106 1852 2478 1937 prudentia,
2513 1853 2649 1917 fru-

437 1958 710 2042 galitas,
769 1955 1234 2041 temperantia,
1292 1956 1600 2035 castitas,
1647 1962 1718 2023 et
1761 1954 2090 2022 fortitudo
2134 1963 2513 2022 evexerunt
2558 1953 2647 2022 ad

438 2059 818 2145 imperium.
905 2057 1087 2139 Quae
1115 2060 1181 2124 in
1211 2079 1296 2125 eo
1329 2051 1618 2125 virtutes
1655 2058 1783 2124 hoc
1828 2058 2363 2124 admirabilior-es
2408 2059 2646 2124 extite-

438 2170 608 2241 runt,
641 2162 821 2247 quod
849 2163 1215 2247 perieulum
1245 2168 1541 2228 essetne
1569 2163 1887 2248 pessimis
1925 2161 2472 2246 imperatoribus,
2500 2160 2651 2245 qui-

438 2266 572 2330 bus
601 2266 970 2349 gratiosum
1000 2285 1153 2331 esse
1184 2265 1334 2351 ejus
1375 2266 1665 2331 fortunae
1705 2265 2044 2343 intererat,
2076 2283 2199 2331 sua
2237 2266 2646 2348 exprobrare

438 2369 607 2434 vitia
639 2368 915 2433 videtur.
1002 2367 1231 2454 Opum
1279 2373 1671 2447 contemtor,
1701 2388 1784 2435 ae
1826 2374 2010 2435 tanta
2048 2367 2117 2432 in
2145 2386 2408 2434 summo
2437 2366 2647 2431 hono-

439 2489 586 2538 rum
643 2469 917 2553 fastigio
963 2469 1443 2551 moderatione,
1497 2477 1571 2536 ut
1621 2490 1774 2539 cum
1831 2472 1902 2535 in
1960 2470 2323 2556 partitione
2375 2468 2646 2554 imperii

439 2571 701 2653 Gallia,
720 2569 981 2651 Africa,
1002 2571 1205 2640 Italia
1226 2573 1364 2657 ipsi
1383 2573 1761 2657 obtigisset,
1780 2582 2027 2660 sponte
2046 2572 2261 2650 alteri,
2277 2579 2356 2638 ut
2377 2573 2646 2656 quidem

442 2675 542 2740 ait
591 2673 986 2760 Eutropius,
1038 2672 1277 2742 Africa
1325 2682 1392 2743 et
1443 2677 1649 2748 Italia
1693 2679 1989 2746 cesserit.
2078 2675 2505 2741 Postremum
2558 2694 2647 2740 eo

441 2777 643 2844 etiam
674 2795 981 2861 magnus,
1011 2778 1194 2861 quod
1222 2777 1740 2848 Constantinum
1777 2780 2095 2866 Magnum
2125 2779 2273 2846 orbi
2301 2778 2579 2846 dederit.
