3084 4959
455 381 627 449 1148
1483 396 1659 446 vn‘rA

455 565 497 611 a
559 541 991 627 proetorianis
1037 542 1513 626 imperatorem
1565 538 1802 617 audiit,
1851 538 2177 610 Lueanioe
2224 539 2657 612 solitudinem

461 645 732 725 deserit,
762 645 831 710 in
872 644 1171 729 speciem
1217 653 1294 711 ut
1331 653 1558 711 motus
1599 644 1986 730 reipublicae
2022 643 2439 708 imminentes
2468 644 2662 709 seda·
2711 707 2714 712 ,

454 759 596 830 ret;
640 768 881 814 revera
907 754 1159 827 autem,
1182 754 1255 813 ut
1280 754 1644 813 resumeret
1674 747 2047 830 imperium.
2135 744 2354 810 Porro
2382 745 2658 812 Diocle⁴

454 853 715 918 tianum
761 851 1089 917 Carnunti
1144 851 1214 915 in
1265 850 1649 929 Pannonia,
1698 868 1828 914 nen
1870 846 2147 913 Carnuti
2175 847 2242 912 in
2273 845 2560 926 Celtica,-
2585 856 2662 914 ut

456 954 606 1019 vult
637 954 984 1032 zosimus,
1013 959 1312 1036 agentem
1357 953 1447 1018 ad
1497 952 1679 1017 idem
1726 950 2111 1016 faciendum
2143 969 2260 1033 per
2282 950 2520 1016 literas
2547 970 2662 1017 co·

453 1056 778 1123 hortatur.
862 1056 959 1122 At
985 1056 1134 1121 ille:
1180 1060 1202 1092 ‘
1228 1054 1553 1132 Utinam,'
1599 1055 1837 1139 inquit,
1890 1057 1909 1087 ‘
1936 1053 2212 1119 Salonas
2239 1054 2534 1136 possetis
2562 1056 2660 1119 vi-

456 1180 608 1224 sere
665 1160 851 1225 olera
905 1161 1147 1224 nostris
1202 1159 1517 1223 manibus
1576 1157 1924 1222 instituta!
1970 1155 2292 1240 profecto·
2316 1173 2659 1240 nunquam

399 1287 402 1289 ’
453 1262 639 1326 istud
683 1261 1073 1328 tentandum
1107 1258 1553 1347 judicaretis?
1640 1258 1801 1339 Qua
1828 1257 2254 1326 Diocletiani
2293 1259 2662 1324 constantia

457 1362 925 1429 Maximianus
963 1363 1169 1429 nihilo
1219 1363 1439 1445 magis
1478 1362 1567 1428 ab
1616 1347 1896 1445 incepto
1935 1360 2319 1439 deterritus,
2366 1360 2659 1427 Romam

455 1466 825 1544 contendit,
870 1465 993 1531 ubi
1042 1466 1417 1549 insignibus
1468 1465 1942 1549 imperatoriis,
1971 1470 2042 1530 et
2068 1462 2362 1545 Augusti
2390 1464 2659 1530 nomine

457 1570 706 1635 iterum
738 1577 989 1647 sumto,
1022 1568 1415 1634 Ravennam
1443 1569 1655 1646 venit,
1688 1568 2007 1633 Severum
2037 1568 2221 1634 mala
2246 1567 2482 1634 fraude
2510 1586 2660 1651 per-

457 1672 578 1749 dit,
608 1671 724 1736 sed
755 1679 823 1737 et
856 1672 1279 1738 Maxentium
1309 1672 1468 1737 dolo
1500 1671 1952 1756 nequicquam
1990 1671 2286 1748 adortus,
2305 1690 2388 1735 rre
2411 1671 2660 1752 agnita,

457 1792 818 1859 purpuram
849 1774 1068 1840 denuo
1096 1775 1313 1853 exuit,
1341 1794 1425 1839 ac
1455 1794 1593 1838 non
1623 1775 1768 1839 sine
1797 1775 1955 1839 vitae
1976 1773 2278 1858 periculo
2303 1773 2660 1851 Treveros,

450 1876 701 1942 Galliae
731 1877 1033 1960 Belgicae
1064 1878 1317 1956 urbem,
1347 1877 1433 1941 ad
1455 1876 1995 1955 Constantinum,
2023 1878 2154 1941 sub
2183 1876 2416 1961 specie
2437 1876 2662 1955 officii,

454 1980 812 2045 moliturus
839 1981 903 2045 ei
939 1999 1217 2064 quoque
1261 1979 1569 2058 insidias,
1599 1979 1918 2063 confugit.
2008 1980 2120 2045 Ab
2146 2000 2232 2045 eo
2261 1979 2660 2048 humanissi-

352 2087 357 2099 '
454 2102 566 2147 me
613 2083 982 2165 excipitur.
1066 2082 1207 2148 Pro
1246 2083 1497 2166 quibus
1538 2081 1782 2159 officiis
1824 2082 2292 2151 Maximianus
2337 2083 2660 2150 Faustam

455 2185 667 2250 filiam
695 2185 761 2250 ei
793 2183 965 2250 dat
945 2204 1015 2248 m
1044 2184 1422 2269 conjugem,
1453 2205 1604 2252 cum
1637 2185 1933 2290 Augusti
1979 2187 2261 2264 nomine,
2292 2186 2477 2270 quod
2518 2205 2659 2272 prae

455 2288 808 2369 modestia,
833 2294 912 2355 ut
936 2288 1257 2366 diximus,
1286 2290 1415 2405 huc
1448 2310 1667 2376 usque
1696 2279 2073 2356 recusarat.

651 2458 738 2525 A.
760 2456 850 2524 U.
875 2457 956 2526 C.
992 2475 1221 2526 unxi.
1268 2459 1455 2528 Chr.
1492 2476 1812 2526 cccvm.
1888 2455 2314 2526 Constantini
2349 2475 2463 2522 ιιι.

540 2594 1038 2660 Maximianum
1084 2592 1287 2658 haud·
1315 2592 1577 2658 deliniit
1625 2591 1777 2659 haec
1826 2594 2044 2676 generi
2086 2593 2194 2657 sui
2238 2592 2661 2659 Constantini

454 2696 854 2774 humanitas,
884 2716 970 2763 ac
1012 2715 1392 2774 concessuS,
1423 2705 1502 2762 ut
1540 2697 1752 2781 aliqui
1794 2705 2051 2781 putant,
2083 2696 2385 2762 decimus
2414 2706 2661 2762 consu·

453 2801 655 2867 latus.
743 2799 926 2880 Quin
964 2802 1190 2883 potius
1222 2799 1652 2866 commodum
1694 2798 2134 2882 recuperandi
2178 2799 2446 2883 imperii
2491 2804 2661 2863 tem·

454 2922 589 2987 pus
641 2911 905 2966 nactum
958 2922 1033 2965 se
1085 2922 1234 2966 esse
1284 2909 1494 2981 ratuS,
1538 2902 1968 2968 dissimulato
2017 2902 2305 2990 consilio
2344 2903 2660 2968 Treveris

455 3005 763 3084 discedit,
801 3003 1073 3071 Arelate
1118 3006 1395 3071 resumit
1437 3025 1829 3091 purpuram,
1870 3013 2005 3070 tum
2051 3002 2430 3070 Massiliam
2465 3006 2659 3088 fugit,

456 3107 635 3172 unde
659 3108 1120 3190 navigaturum
1151 3128 1225 3172 se
1253 3128 1533 3191 sperans
1564 3108 1633 3172 in
1665 3107 1930 3174 Italiam
1958 3106 2044 3171 ad
2077 3106 2527 3184 Maxentium,
2562 3108 2659 3171 ibi

458 3230 834 3294 oppressus
888 3211 1139 3276 interiit
1182 3210 1415 3277 fractis
1460 3212 1709 3295 laqueo
1758 3210 2169 3276 cervicibus.
2257 3210 2372 3276 Ita
2416 3208 2661 3286 Victor

455 3314 529 3378 in
558 3311 741 3396 Epit.
829 3312 908 3378 Si
949 3314 1249 3381 Eusebio
1293 3314 1470 3382 fides
1510 3326 1638 3392 est,
1688 3335 1766 3380 se
1809 3315 1962 3398 ipse
1992 3314 2451 3396 strangulavit,
2488 3328 2657 3378 vm.

454 3415 564 3480 29.
656 3413 845 3483 Obiit
876 3435 1050 3484 anno
1079 3417 1309 3482 aetatis
1339 3418 1794 3501 sexagesimo.
1883 3418 1992 3490 Ex
2019 3416 2331 3490 Victore.
2414 3413 2420 3420 ’

628 3597 716 3664 A.
739 3598 826 3664 U.
851 3570 930 3665 C.
967 3616 1259 3665 Mnxix.
1334 3601 1492 3668 Chr.
1526 3618 1837 3669 cccxvi.
1911 3602 2334 3669 Constantini
2372 3618 2482 3666 xi.

543 3734 1008 3802 Diocletianus
1078 3737 1223 3802 obit
1277 3755 1392 3802 ιιι.
1440 3736 1681 3802 Nonas
1735 3738 2066 3803 Decemb.
2132 3743 2153 3772 ‘
2185 3739 2256 3803 in
2308 3740 2473 3803 villa
2532 3757 2660 3805 sua

457 3842 751 3925 Spalato
782 3841 962 3905 haud
996 3842 1235 3925 procul
1267 3840 1587 3919 SaloniS,'
1632 3843 1850 3928 iuquit
1872 3844 2227 3922 Zosimus;
2274 3844 2404 3922 vel,
2434 3851 2514 3908 nt
2537 3845 2660 3910 alii

455 3946 703 4028 legunt,
734 3948 755 3977 ‘
777 3943 1050 4009 Salonae
1080 3945 1148 4008 in
1179 3945 1359 4010 villae
1389 3964 1533 4009 suae
1567 3945 1863 4029 palatio!
1931 3946 2041 4010 De
2071 3946 2219 4030 ejus
2241 3947 2426 4011 obitu
2449 3949 2656 4012 variae

458 4056 615 4112 sunt
653 4052 1002 4122 auctorum
1044 4052 1408 4114 sententiae.
1500 4054 1522 4085 ‘
1556 4049 1786 4115 Morte
1819 4060 2212 4116 consumtus
2242 4049 2397 4125 est,'
2440 4053 2661 4135 inquit

457 4146 720 4225 Victor,
746 4151 766 4182 ‘
788 4155 857 4213 et
887 4151 1055 4214 satis
1087 4152 1301 4233 patuit
1330 4171 1447 4234 per
1467 4153 1886 4219 formidinem
1911 4154 2314 4218 voluntaria.
2378 4153 2658 4241 Quippe

457 4271 605 4319 cum
635 4273 681 4318 a
722 4249 1165 4320 Constantino
1195 4262 1402 4337 atque
1434 4257 1702 4323 Licinio
1738 4266 2016 4324 vocatus
2055 4258 2146 4322 ad
2182 4257 2358 4324 festa
2390 4262 2660 4345 nuptia·
