3084 4959
462 324 636 390 1322
1115 339 1426 389 monum
1483 342 2030 394 PANBGYmcUS

464 620 643 686 CAP.
693 637 740 687 1.
814 622 878 685 1.
927 598 1372 685 DIXERINT
1403 620 1564 685 licet
1592 622 1881 705 plurimi,
1909 623 2236 708 multique
2265 625 2504 693 dicturi
2538 628 2676 692 sint

461 744 565 803 ea,
599 725 843 809 quibus
876 723 1103 788 omnia
1132 722 1318 787 facta
1348 729 1590 800 vestra,
1615 744 2155 811 summarumque
2190 728 2505 795 virtutum
2537 750 2675 794 me-

460 834 591 897 rita
640 831 1013 906 laudantur,
1059 829 1500 894 sacratissimi
1550 830 1929 915 PrincipeS,
1981 832 2432 913 Maximiane,
2481 836 2671 916 veliS‚

460 938 690 1013 noliS,⁸
740 953 1004 1016 semper
1056 929 1390 1015 Auguste,
1441 940 1510 998 et
1564 933 2036 1015 Constantine,
2085 939 2309 1002 oriens
2369 939 2674 1022 Impera-

461 1037 651 1121 tor3¹²
704 1037 866 1103 mihi
915 1045 1136 1102 tamen
1184 1041 1440 1100 certum
1495 1042 1623 1113 est,
1670 1058 1753 1102 ea
1799 1040 2142 1123 praecipue
2187 1041 2321 1105 isto
2367 1060 2673 1106 sermone

460 1141 846 1226 complecti,
880 1159 1034 1225 quae
1066 1146 1222 1203 sunt
1251 1137 1450 1222 hujus
1480 1139 1757 1222 propria
1785 1140 2063 1219 laetitiae,
2090 1161 2225 1226 qua
2258 1144 2382 1207 tibi
2414 1141 2672 1210 Caesari
2772 1200 2777 1204 .

461 1246 763 1312 additum
805 1261 1049 1307 nomen
1092 1241 1410 1324 imperii,⁶
1453 1249 1519 1306 et
1559 1242 1836 1308 istarum
1880 1245 2254 1310 coelestium
2285 1247 2669 1330 nuptiarum

459 1344 679 1414 festa‘¹
721 1345 1168 1411 celebrantur.
1255 1342 1322 1406 2.
1368 1339 1611 1409 Cetera
1644 1346 1816 1409 enim
1847 1346 1918 1409 iu
1949 1348 2435 1431 rempublicam
2467 1350 2670 1414 bene-

458 1450 615 1519 ficia
642 1455 863 1516 vestra
888 1451 1173 1531 possunt
1203 1445 1432 1509 multis
1463 1448 1937 1513 occasionibus
1966 1450 2379 1516 diversorum
2410 1457 2669 1537 tempo-

457 1575 603 1619 rum
653 1548 1256 1638 praedicarithuic
1311 1552 1509 1611 voto·
1559 1550 1834 1633 propria
1880 1570 2056 1617 nunc
2102 1552 2384 1619 debetur
2428 1556 2666 1631 oratio,

458 1655 635 1741 quod
667 1653 878 1719 semel
906 1652 1160 1717 factum
1187 1649 1478 1714 futurum
1510 1655 1615 1715 est
1646 1653 2139 1735 sempiternum.
2226 1657 2292 1721 3.
2340 1655 2666 1741 Equidem

459 1760 632 1836 scio,
662 1754 1092 1839 gaudentium
1135 1752 1365 1818 studia
1394 1772 1571 1817 nunc
1602 1753 1701 1818 ita
1736 1762 1880 1819 toto
1913 1756 2074 1820 orbe
2103 1757 2474 1835 florescere,
2505 1779 2665 1844 qua-

458 1878 743 1944 cumque
786 1858 1000 1922 Fama
1040 1854 1220 1921 ultra
1256 1863 1591 1933 naturam,
1622 1874 1756 1940 qua
1796 1857 2068 1942 fingitur
2097 1859 2448 1927 discursus
2481 1862 2666 1927 volu-

1382 2034 1746 2060 OMOOOOOO‘OO

521 2141 586 2191 Iu
622 2139 849 2203 Guelph.
885 2138 1056 2188 nuilus
1080 2137 1347 2189 Orationis
1380 2136 1561 2193 titulus
1598 2142 1792 2189 exstat.
1861 2137 1930 2188 In
1953 2136 2075 2187 edd.
2098 2138 2311 2189 Pateol.
2335 2140 2570 2193 Rhenan.
2589 2141 2682 2192 H:

455 2214 511 2257 ct
531 2208 595 2257 R.
617 2206 803 2270 Stepb.
832 2205 1002 2255 Riviu.
1038 2204 1357 2258 inscribitur,
1381 2203 1714 2268 Panegyricus
1739 2203 2039 2254 thmiano
2061 2209 2110 2254 et
2133 2206 2451 2256 Constantino
2473 2209 2664 2269 Aug-un-

453 2273 524 2324 tia
542 2274 735 2329 dictum
774 2271 825 2320 in
849 2270 1041 2320 Cellar.
1085 2268 1431 2331 Epithalamium
1450 2269 1626 2319 incerti
1645 2268 1857 2319 auctoris
1882 2270 2185 2320 Maximiano
2206 2275 2254 2320 et
2280 2271 2589 2322 committo
2610 2274 2664 2322 in

453 2336 592 2397 Ιιιῄιιε
614 2343 661 2385 et
698 2338 891 2385 Fau-tte
911 2334 1304 2396 nuptiis'dictus5
1326 2337 1376 2382 in
1409 2334 1528 2384 edd.
1552 2334 1722 2384 Livin.
1745 2335 1915 2384 Paris.
1942 2335 2111 2384 Banu.
2140 2335 2371 2386 Pataroi.
2394 2342 2448 2386 et
2466 2336 2503 2387 J
2508 2353 2664 2403 aeger.

456 2402 638 2451 Incerti
659 2400 993 2465 Panegyricus
1015 2399 1317 2448 Maximiano
1337 2403 1386 2449 et
1414 2399 1745 2448 Constantino.
1801 2399 1937 2448 Vide
1964 2400 2117 2450 Nott.
2140 2400 2291 2451 Varr.

522 2467 657 2514 CAP.
677 2480 716 2514 1.
742 2469 766 2514 l
788 2466 1031 2515 Dixerunt
1056 2499 1069 2513 .
1090 2497 1104 2512 .
1130 2498 1144 2514 .
1167 2469 1278 2513 sant
1291 2478 1348 2513 ea
1368 2463 1596 2527 Gnelph.
1628 2464 1735 2524 tibi,
1754 2464 1922 2513 Coesar·
1936 2464 2059 2514 Vet.
2079 2466 2300 2515 Putean.
2337 2465 2483 2521 Mox,
2497 2480 2663 2515 nomen

455 2531 769 2594 Imperatoria
781 2532 920 2594 conj.
935 2529 1143 2580 Acidal.
1199 2530 1472 2591 nuptiarum
1494 2531 1644 2579 abest
1664 2543 1697 2578 a
1716 2529 2046 2595 Gnelph.-2
2081 2531 2310 2595 Gueiph.
2332 2545 2457 2581 nunc
2471 2532 2663 2594 propria

450 2598 555 2646 d.o.
570 2598 693 2659 qaod
706 2597 848 2646 semel
856 2597 1117 2655 estfactum
1117 2594 1457 2655 sutum—8
1494 2596 1648 2646 Fama
1661 2600 1774 2644 utra
1793 2601 2015 2645 naturam
2036 2597 2176 2646 velox
2198 2598 2332 2659 conj.
2360 2595 2563 2646 Acidai.
2580 2597 2659 2645 vei

454 2661 610 2711 Fama
631 2664 763 2713 ultra
783 2677 940 2726 quam,
958 2665 1042 2727 35⁶·
1065 2662 1248 2712 omisao
1269 2661 1339 2722 τῷ
1360 2665 1601 2711 naturam.
1667 2660 1816 2719 Mox.
1847 2659 1982 2712 idem
2006 2660 2212 2712 Acidai.
2231 2662 2336 2727 legi
2359 2662 2533 2727 jubet,
2561 2661 2661 2711 dis·

1446 2820 1667 2873 No'rAE

515 2928 542 2955 ⁸
582 2920 732 2983 Veli«,
764 2919 915 2983 nolis]
951 2917 1260 2971 Adulatorie
1295 2917 1514 2975 dictum,

452 2998 601 3063 quasi
637 2999 981 3048 Maximianus
1005 2997 1219 3055 invitus,
1241 3003 1296 3046 et
1329 2996 1393 3046 nd
1426 2995 1514 3046 ob·

449 3075 770 3138 sequendum
809 3080 1010 3124 tantum
1049 3074 1186 3137 Diis,
1221 3071 1513 3124 abdicatam

450 3158 575 3199 ante
591 3158 812 3215 quatuor
834 3165 994 3201 annos
1016 3164 1297 3215 purpuram
1318 3164 1513 3200 resum-

449 3227 619 3276 oisset.
684 3227 840 3278 Quod
877 3236 1050 3277 tamen
1094 3225 1343 3289 regnandi
1368 3226 1512 3290 cupi·

452 3302 641 3360 ditate,
663 3311 719 3353 et
740 3303 1028 3353 solitudinis
1051 3303 1208 3353 taedio
1234 3303 1299 3352 ab
1325 3318 1384 3352 eo
1406 3301 1510 3352 fac·

451 3385 561 3427 tum
599 3377 815 3429 tradunt
838 3380 1056 3441 Eutrop.
1081 3377 1286 3437 Victor,
1320 3384 1376 3428 et
1407 3378 1511 3428 aiii.

451 3454 822 3505 Maximianum
847 3456 1027 3504 barum
1058 3456 1353 3519 nuptiarum
1385 3462 1508 3506 tem·

448 3544 576 3595 pore
622 3532 912 3596 Augustum
952 3529 1113 3581 fuisse
1150 3531 1359 3581 videtur
1397 3546 1514 3583 ease

449 3615 636 3658 contra
678 3606 832 3657 fidem
877 3608 1123 3670 historiae,
1168 3614 1225 3658 ut
1270 3607 1515 3658 observat

447 3683 705 3735 Antonius
722 3685 1093 3738 Scboniiovius.

513 3760 537 3795 δ
574 3763 750 3812 Oriens
768 3760 1049 3827 imperator]
1081 3761 1215 3811 Tum
1238 3762 1373 3812 enim
1396 3776 1514 3812 cum

445 3837 626 3888 habita
661 3848 743 3888 est
801 3840 985 3895 oratio,
1034 3839 1404 3890 Constantinus
1446 3853 1514 3887 ex

448 3915 658 3965 Coesare
696 3916 917 3979 primum
963 3914 1135 3964 dictas
1182 3922 1263 3965 est
1307 3914 1514 3980 Augu·-

454 3998 554 4040 ius.

480 4119 483 4121 .
512 4075 536 4100 ⁶
568 4068 756 4118 Nomen
776 4066 990 4132 imperii]
1025 4067 1086 4116 In
1117 4067 1312 4133 aliquot
1336 4082 1511 4118 exem·

450 4144 682 4207 plat-ibus
707 4154 786 4195 est
802 4160 967 4194 nomen
988 4144 1155 4207 imper.
1223 4146 1342 4197 Quo
1366 4145 1426 4193 fit
1452 4156 1510 4195 ut

449 4223 726 4288 legendum
747 4222 987 4287 suspicer
1009 4236 1173 4270 nomen
1192 4221 1508 4288 imperatoris,

1597 2917 1771 2982 potius
1802 2934 1956 2985 quarn
1986 2921 2195 2984 imperii.
2263 2921 2333 2973 Et
2373 2936 2493 2974 vero
2526 2921 2662 2973 infra

1595 3008 1714 3060 cap.
1747 3009 1815 3046 ιι.
1849 3002 1864 3026 ¹
1886 2997 1958 3046 Et
1980 2997 2074 3047 tibi
2098 2995 2440 3049 Constantine
2460 3014 2554 3063 per
2578 3015 2658 3049 so·

1595 3086 1771 3121 cerum
1791 3086 1978 3122 nomen
2003 3074 2333 3137 imperatoris
2355 3075 2621 3127 accrevit!

1658 3146 1684 3182 ἅ
1718 3149 2013 3212 Nuptiarum
2034 3150 2199 3215 festa]
2236 3151 2557 3202 Constantini
2606 3161 2662 3204 et

1596 3225 1800 3275 Fausta!
1821 3225 2129 3276 Maximiani
2146 3241 2211 3275 ex
2235 3225 2504 3276 Theodora
2517 3226 2659 3279 filiae.

1596 3301 1717 3352 vid.
1741 3301 1936 3351 Euseb.
1958 3301 2148 3351 Zosim.
2175 3301 2364 3351 Zonar.
2381 3304 2479 3352 διο.

1658 3383 1681 3411 ⁶
1714 3376 1850 3428 Huic
1880 3377 2010 3440 voto]
2045 3376 2271 3426 Videtur
2309 3385 2492 3428 auctor
2523 3379 2658 3432 hanc

1594 3454 1883 3505 orationem
1926 3452 2170 3503 ‘votum'
2222 3454 2528 3519 inscriptam
2570 3470 2654 3506 vo·

1593 3531 1771 3582 luisse.
1860 3532 1996 3582 Nam
2037 3545 2155 3593 cap.
2195 3534 2273 3581 18.
2323 3532 2501 3582 ‘sicut
2534 3533 2657 3585 huic

1596 3619 1718 3662 voto
1757 3609 2032 3676 congruit‚'
2068 3608 2119 3660 id
2151 3597 2252 3666 est,
2288 3609 2406 3659 huic
2437 3612 2656 3660 orationi

1596 3701 1762 3738 meoe:
1799 3689 1875 3736 sic
1900 3688 2034 3735 enim
2072 3685 2193 3750 quia
2216 3686 2556 3749 imperatores
2579 3688 2655 3736 in-

1597 3772 1708 3814 star
1751 3766 1981 3815 Deorum
2020 3763 2281 3825 colebant,
2319 3770 2374 3812 et
2409 3762 2655 3829 quicquid

1597 3840 1661 3890 ad
1693 3855 1782 3890 eos
1821 3840 2119 3904 pertinebat
2149 3851 2354 3889 oncrum
2392 3846 2530 3901 orat,
2551 3852 2652 3888 uon

1594 3921 1780 3969 mirum
1824 3920 1866 3968 si
1917 3916 2155 3968 ‘votum'
2197 3918 2424 3981 appellat
2460 3918 2655 3967 oratio·

1594 4008 1733 4057 nem,
1754 4008 1907 4059 quam
1945 3994 2044 4056 ipsi
2069 3991 2294 4043 fortasse
2329 3993 2655 4056 promiserat.

1595 4070 1742 4122 Infra
1774 4086 1820 4122 c.
1847 4085 1952 4121 vn.
1997 4078 2013 4100 ⁴
2038 4070 2125 4119 Ita
2161 4069 2352 4125 dicam.
2378 4076 2435 4119 ut
2462 4071 2653 4121 veritat

1592 4163 1721 4198 mere
1742 4162 1867 4212 erga
1893 4155 1945 4197 te
1969 4145 2260 4196 devotionis
2281 4145 2572 4210 appareat!
