3084 4959
1252 777 1376 840 DE
1437 775 1885 843 AUCTORE

916 960 1303 1041 HUJUS
1384 910 2198 1053 PANEGYRICI,

635 1150 746 1203 m*
779 1151 936 1206 ouo
969 1118 1343 1221 Tumens,
1376 1154 1686 1209 Quocum
1720 1154 1917 1208 Loco
1956 1155 2071 1206 su·
2103 1153 2440 1206 munus.

1328 1408 1435 1473 [Ex
1461 1411 1564 1461 Ed.
1586 1410 1810 1475 nuptu]

542 1692 812 1759 Husus
842 1699 910 1759 et
932 1686 1376 1769 praecedentis
1405 1687 1809 1773 Panegyrici
1842 1695 2187 1755 auctorem
2211 1707 2362 1754 esse
2386 1686 2674 1756 Mamer·

456 1793 673 1859 tinum
703 1800 900 1880 putat
930 1788 1285 1875 Sigonius3
1321 1782 1501 1854 certe
1523 1795 1871 1875 utramque
1894 1791 2070 1855 hanc
2099 1792 2466 1856 orationem
2492 1793 2676 1876 ejus—

458 1893 612 1959 dem
660 1895 950 1962 oratoris
999 1911 1148 1958 esse
1186 1890 1334 1974 jam
1389 1891 1677 1955 ostendi.
1769 1891 2183 1978 Quanquam
2233 1895 2306 1958 in
2336 1893 2680 1958 veteribus

456 1996 809 2063 codicibus
853 1998 1045 2061 abest
1090 1991 1481 2057 Mamertini
1525 2011 1794 2059 nomen.
1885 1994 2121 2060 Ferme
2172 2003 2403 2060 autem
2446 2014 2677 2060 omnes

455 2098 733 2180 habent,
766 2098 853 2163 P.
876 2092 1143 2187 ejusdem
1174 2091 1618 2158 Genethliacus
1646 2093 2035 2159 Maximiani
2067 2096 2157 2162 A.
2181 2108 2239 2162 et
2273 2095 2678 2161 Diocletiani.

457 2201 712 2268 Dictus
755 2205 862 2266 est
915 2205 1160 2275 autem,
1215 2196 1482 2280 opinor,
1532 2195 1877 2276 Treveris,
1924 2217 2152 2263 coram
2206 2198 2674 2264 Maximiano:

457 2322 593 2388 quo
641 2323 804 2369 vero
863 2301 975 2367 die
1028 2301 1380 2366 incertum.
1490 2297 1695 2364 Certe
1753 2319 1879 2365 nec
1934 2301 2001 2364 in
2064 2302 2677 2385 quinquennalibus

458 2423 682 2489 neque
711 2404 779 2468 in
810 2400 1309 2480 decennalibuS‚
1353 2407 1430 2465 ut
1458 2407 1700 2466 auctor
1730 2401 1924 2467 initio
1954 2402 2327 2489 profitetur,
2360 2403 2483 2470 sed
2517 2411 2678 2469 tem-

456 2525 627 2590 pore
660 2506 836 2571 inter
857 2510 1212 2586 utrumque
1244 2502 1628 2588 interjecto,
1656 2522 1833 2585 anno
1863 2505 2018 2570 292.
2051 2525 2205 2570 cum
2235 2505 2680 2571 Constantius

456 2608 754 2675 classem
784 2604 1114 2673 adversus
1146 2604 1547 2671 Carausium
1579 2606 1652 2671 in
1687 2625 2020 2672 oceanum
2047 2607 2476 2685 immitteret;
2521 2627 2677 2697 nam

456 2731 615 2794 cap.
665 2702 839 2774 x'1x.
893 2708 1172 2774 navalia
1220 2715 1487 2792 tropaea
1534 2707 2067 2792 Imperatoribus
2108 2716 2445 2792 precatur.
2535 2708 2678 2776 Hic

457 2811 707 2876 natalis
737 2811 1085 2893 utriusque
1120 2808 1556 2894 Imperatoris
1587 2809 1857 2891 dicitur,
1877 2831 2007 2876 non
2037 2830 2179 2896 quo
2209 2811 2298 2878 ad
2329 2811 2679 2896 imperium

461 2912 792 3001 pervenit,
824 2912 944 2981 sed
978 2929 1120 2999 quo
1151 2913 1219 2980 in
1249 2910 1467 2981 lucem
1498 2914 1689 2980 exiit.
1781 2909 1786 2912 ’
