3084 4959
510 351 683 417 1120
1229 368 1519 418 JAEcsnr
1570 369 1990 419 rastrum.
2111 389 2126 404 .

508 510 953 591 SchenckiuS,
1009 509 1368 577 Professor
1424 512 1752 576 bonarum
1812 512 2149 580 literarum
2201 511 2271 575 in
2332 509 2716 596 GymnasIo

510 613 1114 696 Norimbergensi,‘
1146 632 1345 697 quem
1392 633 1523 678 non
1572 614 1780 678 modo
1827 621 2099 698 propter
2142 613 2488 680 innumera
2517 616 2717 679 bene-

505 715 826 780 volentiae
855 716 1161 799 pignora,
1190 733 1278 779 ex
1320 713 1438 779 illo
1467 714 1624 778 inde
1655 722 1982 797 tempore,
2013 733 2151 797 quo
2184 714 2458 795 collegii
2485 715 2721 779 vincu-

506 815 579 883 lo
612 815 1209 901 conjungebamur,
1253 815 1634 892 colendum,
1673 815 1799 879 sed
1843 822 1915 879 et
1957 815 2455 898 copiosissimae
2496 815 2718 880 erudi-

509 918 739 993 tionis,
770 919 1264 1002 insigniumque
1293 918 1678 983 meritorum
1708 917 1981 982 nomine
2022 916 2521 1000 suspiciendum
2556 915 2718 982 mihi

512 1039 668 1085 esse
697 1039 961 1104 semper
990 1039 1136 1103 prae
1171 1039 1279 1084 me
1307 1020 1454 1098 tuli,
1483 1039 1609 1083 nec
1638 1036 1932 1103 unquam
1962 1017 2341 1101 praedicare
2373 1017 2719 1084 desistam.

508 1120 978 1188 Accesserant
1036 1121 1280 1187 deinde
1328 1122 1549 1205 plura,
1604 1140 1788 1205 quae,
1831 1120 2023 1187 hisce
2084 1117 2594 1197 SchenckianiS,
2651 1124 2721 1184 et

507 1226 678 1290 meis
730 1224 1317 1290 observationibus
1363 1224 1853 1306 posterioribus
1904 1223 2264 1308 permixta,
2314 1221 2426 1287 hic
2476 1241 2717 1306 expro-

508 1347 687 1393 mere
718 1327 939 1392 visum
967 1331 1094 1393 est.
1182 1326 1487 1403 Scilicet,
1518 1327 1695 1391 libro
1728 1326 1857 1390 hoc
1887 1328 1958 1390 in
1989 1327 2204 1390 lucem
2234 1323 2516 1416 emisso,
2546 1324 2716 1400 indi-„

511 1436 815 1496 caturam
861 1430 1009 1514 ejus
1060 1427 1243 1495 dedit
1287 1427 1388 1493 vir
1426 1428 1671 1493 doctus
1710 1429 1778 1493 in
1810 1427 2236 1493 Bibliotheca
2267 1427 2717 1508 Philologica,

508 1530 766 1613 Lipsiae
794 1532 977 1614 typis
1008 1548 1291 1607 excusa,
1323 1529 1690 1613 attulitque
1742 1548 1879 1593 nou
1925 1548 2166 1613 pauca,
2199 1529 2448 1612 quibus
2492 1535 2718 1619 textus

509 1629 1085 1714 Panegyricorum
1134 1631 1280 1696 fieri
1329 1638 1562 1715 posset
1604 1631 2038 1697 emendatior.
2144 1631 2310 1697 Non
2356 1632 2457 1695 ita
2508 1631 2717 1696 multo

507 1738 667 1816 post
693 1735 797 1797 vir
824 1732 1157 1798 literarum
1181 1733 1461 1799 scientia
1489 1734 2119 1817 praestantissimuS,
2143 1733 2393 1799 Daniel
2411 1732 2719 1816 Wytteu·

508 1833 708 1912 bach,
739 1833 809 1897 in
837 1834 1267 1899 Bibliotheca
1311 1833 1566 1900 Critica
1594 1832 2212 1901 Amstelodamensi
2245 1835 2331 1899 de
2359 1855 2539 1900 nova
2568 1836 2718 1902 illo-

509 1953 655 2000 rum
685 1936 975 2002 editione
1007 1937 1101 2002 ita
1131 1937 1477 2020 exposuit,
1508 1943 1585 2001 ut
1629 1935 1805 2002 locis
1838 1935 2194 2021 permultis
2223 1936 2583 2021 plurimum
2615 1936 2717 2000 lu-

509 2037 611 2102 cis
641 2037 1105 2121 impertiretur.
1194 2037 1564 2103 Praeclaris
1620 2038 1810 2104 hisce
1856 2038 2405 2125 annotationibus
2435 2039 2564 2103 etsi
2596 2059 2721 2122 op-

512 2138 789 2203 tabilius
841 2147 985 2205 erat
1027 2140 1096 2205 in
1146 2159 1329 2207 nova
1380 2139 1950 2225 Panegyricorum
2000 2141 2294 2207 editione
2338 2142 2438 2206 uti
2492 2161 2719 2225 posse,

512 2242 835 2324 quoniam
881 2250 1107 2326 tamen
1145 2244 1439 2309 facultas
1482 2242 1631 2329 ejus
1675 2244 1996 2315 iterandae
2044 2245 2115 2308 iu
2161 2245 2422 2309 incerto
2470 2251 2601 2324 est,
2649 2249 2720 2309 et

507 2343 688 2409 bona
709 2363 869 2426 pars
891 2363 1366 2428 possessorum
1396 2346 1550 2412 libri
1582 2347 1959 2430 dispersam
1985 2348 2454 2414 collectionem
2482 2366 2720 2429 grava-

508 2453 634 2526 tur,
666 2445 1040 2512 faciendum
1058 2448 1330 2531 putavi,
1377 2453 1453 2511 ut
1501 2457 1660 2527 cass
1685 2448 1974 2533 adjectis
2015 2448 2179 2527 illis,
2209 2468 2363 2532 quae
2392 2450 2544 2532 ipse
2573 2450 2720 2513 ani-

506 2547 1042 2622 madvertissem,
1072 2549 1170 2615 ita
1198 2551 1384 2635 typis
1416 2553 1806 2635 exscriptas
1842 2552 2282 2636 publicarem,
2311 2558 2391 2614 ut
2420 2551 2552 2615 illis
2599 2570 2721 2615 ex-

508 2649 947 2732 emplaribus,
989 2670 1146 2735 quae
1196 2659 1590 2735 superarent
1632 2653 1854 2718 adhuc
1886 2654 1956 2718 in
1997 2655 2317 2733 taberniS,
2348 2654 2571 2718 statim
2603 2657 2716 2732 ads

497 2748 719 2834 jungi,
769 2752 906 2817 illis
948 2772 1132 2831 vero,
1185 2772 1342 2838 quae
1381 2753 1531 2838 jam
1576 2754 1923 2821 divendita
1953 2763 2183 2821 essent
2219 2762 2289 2819 et
2332 2763 2716 2838 compacta,

509 2860 784 2917 exemta
814 2852 1223 2918 Praesatione
1250 2855 1496 2938 priore,
1538 2856 1743 2921 inseri
1791 2864 2095 2940 possent.
2187 2858 2268 2922 Id
2301 2876 2345 2920 a
2387 2857 2719 2939 bibliope-

506 2973 615 3035 go,
647 2954 811 3019 artis
862 2974 1013 3022 suae.
1054 2957 1220 3022 satis
1261 2956 1498 3040 peritO,
1541 2957 1688 3022 sine
1727 2959 1865 3023 ullo
1908 2960 2069 3024 libri
2104 2960 2719 3038 dehonestamento,
2817 2999 2822 3004 -

509 3055 656 3120 fieri
704 3076 915 3140 posse
963 3078 1089 3124 usu
1135 3065 1550 3144 compertum
1585 3069 1724 3127 est.
1811 3061 2404 3141 Quemadmodum
2438 3062 2718 3128 nomina

510 3156 982 3241 Interpretum,
1008 3179 1293 3243 quorum
1328 3164 1672 3227 annotatio
1720 3164 1941 3229 textui
1985 3164 2289 3247 subjecta
2315 3170 2446 3243 est,
2477 3164 2716 3247 primis
2788 3203 2803 3217 -

512 3258 657 3322 fere
702 3259 915 3324 literis
966 3259 1269 3346 (scilicet
1311 3261 1401 3327 A.
1444 3262 1828 3342 Acidalius,
1871 3265 1956 3330 B.
2006 3265 2336 3346 Baunius,
2382 3267 2460 3332 C.
2492 3266 2716 3332 Cella-

504 3361 669 3438 rius,
716 3359 806 3428 G.
839 3360 1193 3440 Gruterus,
1237 3362 1283 3427 J
1291 3408 1307 3427 .
1341 3363 1646 3444 Juretus,
1691 3366 1770 3430 L.
1804 3367 2173 3447 Livineius,
2202 3369 2356 3435 Pat.
2389 3369 2717 3450 Patarol.,

507 3460 592 3527 P.
622 3460 731 3526 vel
759 3461 915 3526 Put.
948 3462 1324 3543 PuteanuS,
1354 3464 1428 3529 S.
1457 3466 1939 3550 Schwarzius,)
1985 3472 2255 3554 signata
2295 3477 2467 3552 sunt,
2511 3474 2610 3539 ita
2648 3479 2717 3539 et

506 3562 620 3628 hic
651 3562 837 3646 siglis
869 3563 942 3630 S.
975 3564 1123 3629 BP.
1158 3574 1230 3631 et
1270 3566 1414 3633 BG.
1455 3567 1595 3634 Cel.
1625 3570 2104 3651 Schenckium,
2135 3581 2204 3638 et
2233 3575 2419 3640 viros
2448 3573 2715 3655 doctos,

508 3685 793 3749 quorum
823 3668 991 3734 alter
1018 3670 1085 3733 in
1115 3671 1552 3738 Bibliotheca
1581 3673 2027 3759 Philologica‚
2054 3678 2221 3743 alter
2247 3678 2320 3743 iu
2347 3680 2714 3753 Bibliothe-

506 3785 591 3830 ca
652 3766 908 3834 Critica
963 3773 1372 3837 sententiam
1422 3773 1530 3839 rde
1588 3776 1716 3840 hac
1770 3776 2335 3863 Panegyricorum
2395 3780 2716 3847 Editione

507 3866 704 3946 dixit,
757 3869 1094 3937 indicabo.
1209 3874 1359 3940 Scr.
1427 3875 1741 3944 Altdor-fii
1801 3898 1888 3961 a..
1926 3879 1991 3947 d.
2056 3897 2328 3974 xxm.⁴
2372 3881 2714 3964 Januarii,

509 3984 846 4039 unccxc.

868 4157 892 4214 Τ
926 4151 1061 4208 Haec
1086 4158 1189 4209 suis
1204 4158 1315 4222 jam
1339 4159 1467 4213 locis
1492 4161 1741 4227 leguntur
1761 4163 1913 4217 Notis
1936 4166 2148 4219 inserta.
2176 4165 2351 4218 Arntz.
