3084 4959
535 343 712 412 1³86
1342 358 1611 409 nunu
1658 359 1935 410 ΡΑυΑφι

538 507 721 595 qnod
751 525 838 574 ex
868 505 1215 591 praeterito
1240 505 1639 591 perdidisti:
1685 525 1919 592 parum
1956 508 2250 588 interest,
2287 508 2557 595 quando
2582 526 2729 578 coe-

534 614 728 698 perit,
754 611 937 697 quod
966 609 1319 676 terminum
1344 628 1478 674 non
1503 610 1798 676 habebit.

621 716 801 781 Gar.
849 729 1017 778 vlu.
1102 713 1170 779 1.
1216 713 1572 779 Hactenus
1615 716 1684 779 in
1729 722 1794 781 te
1836 713 2205 799 praedicata
2247 715 2400 793 sint,
2428 714 2731 801 Impera-

534 826 659 899 tor,
702 819 881 886 dona
926 818 1256 884 fatorum:
1303 829 1481 883 nunc
1521 818 1613 883 ad
1661 837 1745 884 ea
1786 820 2199 904 proferamus
2228 819 2536 902 gradum,
2568 839 2727 906 qnae

532 923 656 988 tibi
687 922 933 986 debes:
980 921 1394 1005 nequeenim
1426 929 1548 986 tua
1580 923 1698 987 illa
1727 923 2064 1007 praeterita
2092 922 2350 989 bellicae
2376 925 2471 988 rei
2500 925 2728 1007 gloria,

537 1045 740 1112 quam
784 1043 906 1109 per
942 1030 1046 1090 tot
1081 1025 1389 1090 laborum
1429 1027 1897 1109 experimenta
1946 1025 2274 1111 quaesisti,
2325 1028 2726 1093 ascribenda

533 1130 819 1196 fortunae
850 1134 975 1194 est.
1062 1127 1127 1193 2.
1173 1128 1305 1193 Cui
1333 1127 1465 1193 hoc
1507 1130 1772 1194 nomine
1815 1129 2015 1194 etiam
2061 1130 2442 1194 succenseri
2473 1137 2726 1212 potest,

535 1232 739 1318 quod,
771 1250 970 1316 quem
999 1238 1264 1315 sceptro
1299 1238 1369 1296 et
1412 1231 1591 1296 solio
1634 1231 2110 1312 destinaverat,
2141 1249 2477 1316 nunquam
2507 1231 2729 1298 indul·

533 1331 788 1419 genterj
833 1334 1109 1400 habuit:
1162 1333 1279 1399 sed
1324 1342 1399 1401 nt
1449 1335 1668 1401 severi
1718 1341 1941 1419 patres
1988 1336 2114 1410 his,
2158 1354 2332 1419 quos
2374 1336 2529 1420 plus
2572 1336 2730 1401 dili-

533 1443 716 1521 gunt,
767 1437 931 1503 filiis
980 1438 1304 1503 tristiores
1355 1442 1509 1502 sunt
1529 1449 1588 1518 ς’
1644 1437 1745 1502 ita
1791 1438 1912 1502 illa
1957 1444 2023 1503 te
2062 1438 2366 1522 plurimis
2398 1438 2618 1520 belliS‚
2655 1445 2731 1505 et

534 1539 941 1605 difficillimis
1003 1540 1393 1625 reipublicae
1450 1542 1867 1625 temporibus
1925 1541 2251 1621 exercuit,
2316 1541 2472 1606 dum
2534 1548 2730 1627 aptat

532 1644 835 1728 imperio.
920 1644 985 1709 3.
1030 1644 1122 1708 Et
1168 1646 1359 1728 prius
1406 1644 1674 1729 quidem
1708 1666 1914 1730 quam
1962 1646 2048 1710 ad
2097 1645 2223 1711 illa
2259 1647 2539 1724 veniam,
2568 1666 2727 1732 quae

533 1748 668 1814 aevi
708 1743 1052 1812 maturus¹¹
1101 1747 1316 1832 egisti,
1351 1747 1733 1812 summatim
1777 1758 1966 1813 tuum
2011 1747 2177 1814 illud
2221 1748 2530 1832 attingam
2571 1770 2725 1815 cum

532 1856 724 1935 patre
745 1848 976 1913 divino
998 1855 1336 1914 castrense
1357 1849 1734 1933 collegium,
1752 1859 1942 1916 actas
1964 1854 2091 1917 sub
2111 1853 2402 1937 pellibus
2423 1851 2725 1937 hyemes,

534 1958 803 2018 aestates
845 1952 1017 2017 inter
1054 1951 1242 2017 bella
1281 1952 1583 2030 sudataS,
1612 1952 1760 2017 die's
1804 1961 2176 2040 noctesque
2208 1954 2578 2041 praeliando
2608 1962 2727 2020 aut

532 2054 875 2139 vigilando
924 2064 1339 2136 consumtus,
1389 2059 1823 2141 gravissimas
1882 2078 2140 2143 pugnas
2199 2064 2373 2124 terra
2427 2058 2727 2142 marique

533 2166 882 2243 pugnatas.
968 2160 1034 2224 4.
1082 2158 1241 2223 Non
1297 2168 1435 2224 tam
1494 2159 1768 2244 patiens
1827 2158 2222 2226 Africanns¹
2283 2162 2496 2246 prima
2544 2161 2727 2225 rudi·

531 2270 762 2329 menta
809 2261 1070 2328 militiae
1110 2264 1235 2327 sub
1275 2261 1496 2327 Paulo
1543 2270 1736 2346 patre
1780 2264 2107 2344 toleravit,
2150 2283 2272 2329 nec
2311 2263 2459 2347 pari
2502 2262 2730 2329 indole

534 2362 877 2429 Hannibal
907 2383 1076 2448 puer
1112 2365 1184 2429 in
1223 2366 1515 2431 tentoria
1546 2365 1860 2451 Hispana
1891 2367 2264 2448 successit;
2306 2386 2434 2432 nec
2473 2366 2727 2432 sutura-

533 2485 679 2532 rum
710 2487 832 2551 spe
863 2468 1145 2533 certiore
1167 2467 1481 2534 virtutum
1503 2467 1868 2553 Philippea
1896 2479 2114 2537 castra
2147 2468 2538 2535 Alexander
2564 2489 2731 2535 non-

533 2566 689 2632 dum
719 2569 1010 2653 Magnus
1050 2570 1369 2655 implevit.
1458 2574 1520 2635 5.
1567 2569 1761 2651 Quos
1807 2573 1936 2638 etsi
1980 2572 2261 2657 plurima
2298 2572 2493 2638 lande
2530 2572 2727 2637 dota-

533 2671 699 2737 verit
729 2672 1202 2759 amplificatrix
1229 2675 1374 2740 veri
1405 2681 1735 2754 vetustas,
1772 2675 1940 2741 nihil
1981 2676 2130 2759 plus
2168 2680 2388 2741 tamen
2422 2675 2726 2760 blandita

532 2776 869 2856 praestitit,
900 2796 1098 2861 quam
1127 2783 1203 2841 ut
1232 2777 1455 2842 cosin
1485 2776 1595 2841 his
1638 2779 1829 2842 annis
1868 2785 2135 2843 secutos
2177 2798 2405 2861 regum
2441 2787 2560 2844 aut
2601 2777 2725 2843 du-

592 2967 622 3002 8
654 2959 934 3025 Asper-ima
953 2967 1087 3012 aaut.

1451 3050 1831 3077 mente&-

557 3233 562 3236 .
595 3170 733 3221 Cu.
764 3184 892 3222 vm.
940 3176 966 3222 ι
1004 3173 1253 3223 Hactenus
1289 3174 1343 3223 in
1378 3179 1426 3224 te
1453 3174 1758 3236 predicanda
1789 3175 1888 3225 nint
1921 3175 2053 3225 Exc.
2081 3175 2371 3226 Sehonhov.
2422 3177 2488 3225 od
2523 3189 2731 3226 ecum

526 3250 829 3299 properamus
864 3237 1190 3302 Guelph.-2
1221 3239 1351 3290 Voc.
1380 3245 1549 3302 patres
1575 3240 1726 3292 deest
1759 3240 1814 3290 in
1851 3241 2175 3303 Guelph.—⁴
2208 3240 2476 3305 Hispanico
2511 3242 2730 3304 Cuspin.

529 3300 1164 3431 guwtuffissvgtuff
1199 3311 1214 3333 ‘
1233 3305 1363 3356 Cum
1397 3313 1610 3355 servent
1630 3305 1785 3356 codd.
1807 3305 1911 3357 duo
1935 3312 2036 3358 nn
2049 3307 2179 3371 plu,
2196 3306 2403 3358 videtur
2425 3305 2582 3357 fuisse
2599 3308 2727 3362 nihil

1517 3467 1732 3520 1501·AE

589 3575 611 3622 l
644 3578 903 3643 Nunquam
916 3579 1243 3646 indulgenter]
1272 3580 1592 3632 Theodosius
1661 3582 1869 3648 quando
1901 3582 2278 3634 insidiabantur
2299 3582 2411 3647 ejus
2440 3581 2613 3643 saluti,
2634 3583 2729 3649 qni

530 3658 665 3708 enim
697 3668 818 3724 post
848 3668 1049 3726 patrem
1086 3662 1411 3727 imperatoris
1436 3662 1593 3727 Jussu
1663 3670 1868 3725 patrem
1904 3662 2013 3727 eius
2054 3661 2481 3727 triumphatorem
2520 3660 2728 3714 occide·

527 3734 862 3788 interfectum
886 3736 1072 3802 fugere
1095 3739 1147 3789 in
1171 3739 1480 3805 Hispaniam
1502 3753 1592 3789 ne·
1663 3738 1815 3789 rant.’

530 3823 674 3864 cesse
705 3815 910 3876 babuit,‘
944 3823 1005 3866 ut
1042 3818 1275 3881 periculo
1311 3832 1368 3866 se
1403 3814 1595 3867 subduss
1729 3814 1757 3851 ¹¹
1786 3816 1902 3867 AEvi
1919 3812 2157 3878 maturas]
2180 3813 2385 3867 AEneid.
2412 3830 2465 3866 v.
2486 3820 2573 3866 78.
2607 3815 2724 3866 ’ΛΕ-

529 3899 696 3950 ceret,
717 3893 892 3958 ibique
916 3893 1127 3945 delituit
1149 3894 1317 3946 donec
1343 3891 1408 3944 ad
1433 3894 1596 3961 impe·
1665 3893 1716 3944 vi
1735 3900 1966 3954 maturus
1984 3891 2318 3955 Acestes‚’et
2340 3906 2424 3946 lx.
2440 3898 2555 3944 246.
2574 3893 2726 3943 ‘Ani-

529 3971 661 4020 riu'm
685 3979 1036 4023 revocaretur.
1101 3973 1224 4023 Fuit
1259 3979 1314 4023 et
1352 3974 1465 4023 aliis
1502 3973 1597 4024 ad-
1664 3971 1734 4021 mi
1757 3976 1986 4021 maturus
2007 3968 2261 4020 methea-⁹

528 4058 693 4096 νει-σω
730 4045 952 4098 fortunae
984 4048 1186 4099 casibus
1222 4049 1506 4108 exercitus,
1533 4058 1594 4101 ut
1728 4046 1744 4082 ¹
1773 4048 2057 4114 Africanus]
2088 4047 2265 4112 Scipio
2302 4045 2469 4097 minor
2502 4046 2727 4097 AEmilia·

529 4135 633 4172 non
674 4123 930 4174 immerito
973 4122 1042 4173 de
1086 4138 1148 4176 eo
1188 4123 1492 4176 Ambrosius
1539 4126 1592 4176 in
1662 4140 1756 4175 nus
1780 4125 1931 4175 Pauli
1953 4123 2089 4174 filius
2108 4122 2201 4174 snb
2221 4128 2371 4188 patre
2390 4122 2578 4173 bellum
2601 4137 2722 4188 ges·

527 4198 764 4247 oratione
803 4198 1011 4250 funebri
1054 4199 1248 4253 dixerit
1268 4218 1282 4250 ε
1322 4202 1340 4232 ‘
1359 4203 1594 4269 portavit
1658 4204 1732 4256 ,sit
1753 4202 1805 4272 in
1830 4197 2085 4268 Hispania
2107 4215 2191 4250 an.
2213 4198 2280 4250 U.
2303 4199 2365 4250 C.
2385 4201 2502 4249 6⁰3.

519 4275 707 4340 jugum
736 4288 892 4339 grave
912 4275 1225 4329 Theodosius
1256 4278 1594 4343 injuventute
