3084 4959
982 357 1514 410 consummo
1562 359 1742 411 Anc.
1817 362 1950 411 vn.
1979 345 2088 413 10.
2455 351 2629 419 1357

513 508 696 576 CAP.
743 518 823 572 x.
912 506 978 574 l.
1025 504 1462 591 Imperatoris
1491 506 1698 590 igitur
1724 507 1925 585 filius,
1958 516 2023 575 et
2053 508 2224 574 tanti
2254 509 2624 596 Imperato-

423 610 541 691 ris,
599 618 667 676 et
719 612 868 697 ipse
931 616 1070 677 tam
1128 609 1420 676 feliciter
1470 610 1764 695 adeptus
1817 612 2187 696 imperium,
2242 633 2375 696 quo
2422 617 2625 684 modo

422 716 905 799 rempublicam
949 715 1295 782 vindicare
1337 710 1661 798 coepisti?
1754 713 2149 798 Iguobilem,
2192 715 2444 792 cred0,0
2500 721 2623 785 ali<

423 838 625 904 quam
668 819 1095 882 barbarorum
1140 835 1432 894 manum,
1473 835 1628 899 quae
1671 815 2016 903 repentino
2065 816 2339 902 impetu,
2382 825 2454 885 et
2495 821 2617 887 im·-

420 923 702 1008 proviso
758 920 1115 988 latrocinio
1170 923 1354 984 ortus
1413 920 1511 986 tui
1569 921 1878 1003 auspicia
1935 925 2275 997 tentasset,
2337 920 2620 990 affecisti

416 1045 623 1111 poena
680 1023 1097 1091 temeritatis.
1197 1021 1264 1089 2.
1325 1021 1549 1107 Reges
1602 1024 1797 1106 ipsos
1856 1023 2235 1102 Franciae,¹'
2300 1025 2444 1107 qui,
2500 1042 2620 1110 per

418 1127 797 1192 absentiam
853 1125 1060 1209 patris
1116 1124 1241 1203 tui,
1301 1143 1537 1208 pacem
1589 1125 2034 1205 violaverant,
2094 1146 2230 1192 non
2288 1125 2617 1196 dubitasti

416 1229 673 1294 ultimis
702 1227 938 1311 punire
982 1226 1424 1293 cruciatibus:
1471 1227 1633 1300 nihil
1664 1228 1916 1294 veritus
1959 1230 2178 1312 gentis
2222 1228 2410 1295 illius
2455 1231 2617 1301 odia

415 1336 760 1416 perpetua,
791 1337 862 1396 et
888 1328 1336 1413 inexpiabiles
1367 1329 1523 1393 iras.
1606 1328 1673 1393 3.
1719 1327 1859 1395 Cur
1902 1330 2074 1395 enim
2117 1328 2318 1415 ullam
2349 1338 2615 1415 reputet

405 1432 618 1517 justae
648 1431 1028 1498 severitatis
1057 1429 1382 1495 offensam
1414 1430 1814 1515 Imperator,
1845 1432 1990 1515 qui,
2019 1432 2199 1518 quod
2230 1432 2410 1509 fecit,
2443 1438 2612 1505 tueri

413 1535 694 1622 potest?
782 1534 967 1600 Tuta
1020 1531 1375 1599 clementia
1402 1538 1430 1578 ‘¹
1490 1538 1617 1610 est,
1678 1553 1830 1617 quae
1889 1535 2106 1619 parcit
2172 1535 2489 1614 inimiciS,
2543 1546 2613 1609 et

410 1639 544 1703 sibi
573 1637 784 1719 magis
816 1634 1163 1721 prospicit,
1196 1653 1397 1717 quam
1431 1635 1746 1718 ignoscit.
1831 1636 1897 1701 4.
1939 1638 2042 1703 Te
2067 1656 2247 1716 vero,
2272 1638 2613 1705 Constan-

410 1742 574 1820 tine,
632 1724 1128 1824 quantumlibet
1194 1735 1460 1802 oderint
1529 1737 1784 1817 hosteS,
1857 1739 2016 1806 dum
2080 1740 2609 1837 perhorrescant.

411 1844 591 1911 Haec
642 1852 750 1910 est
795 1842 971 1907 enim
1020 1858 1181 1906 vera
1229 1840 1493 1920 virtus}
1536 1847 1611 1908 ut
1651 1860 1784 1905 non
1827 1847 2070 1922 ament,
2120 1850 2186 1909 et
2227 1847 2605 1929 quiescant.

408 1946 694 2012 Cautior
742 1946 908 2013 licet
965 1944 1079 2023 sit,
1129 1943 1246 2028 qui
1293 1943 1645 2010 devinctos
1700 1943 1905 2012 habet
1954 1947 2148 2013 venia
2197 1947 2603 2033 pel-duella,

1324 2127 1685 2151 ‘OmmOOO

400 2253 523 2315 edd,
544 2260 663 2304 ante
685 2256 750 2305 P.
774 2253 957 2317 Steph.
1012 2259 1143 2304 tem
1160 2253 1344 2318 finitur
1362 2251 1501 2317 conj.
1524 2252 1759 2305 Rhenum.
1777 2259 1834 2304 et
1858 2254 1933 2305 sic
1956 2255 2144 2320 legitur
2165 2255 2217 2306 in
2231 2257 2354 2307 Vet-
2370 2259 2599 2310 Putesn.

400 2321 523 2370 Vet.
548 2318 710 2371 Livin.
734 2320 935 2369 Bertin.
959 2318 1089 2368 Exc.
1123 2319 1283 2383 Laog.
1306 2319 1435 2369 Exc.
1458 2319 1746 2369 Scbonhov.
1770 2318 1996 2385 Gnelpb.
2018 2322 2234 2385 cuspin.
2253 2334 2309 2372 et
2333 2332 2556 2375 recentt.

470 2385 604 2435 CM».
627 2396 686 2434 x.
734 2388 759 2435 l
800 2383 933 2435 Edd.
960 2391 1080 2433 ante
1105 2385 1271 2434 Livio.
1292 2385 1495 2448 aliquem
1528 2382 1833 2436 barbarorum
1864 2401 2174 2451 nonnunqum,-
2205 2388 2373 2438 Livin.
2396 2397 2454 2439 et
2481 2391 2599 2439 alio

402 2449 650 2513 deinceps
666 2449 784 2499 edd.
801 2450 1006 2514 aliqwam
1024 2449 1328 2500 barbarorum
1343 2464 1533 2499 manum
1542 2452 1785 2514 repentino
1808 2484 1822 2499 .
1843 2484 1858 2500 .
1879 2486 1894 2502 .
1920 2485 1935 2501 .
1951 2457 2159 2503 tentasse
2174 2468 2195 2511 ‚·
2219 2454 2448 2504 Rhenau.
2470 2455 2595 2506 item

397 2517 536 2578 conj.
558 2516 765 2579 aliquam
783 2516 830 2566 b.
851 2529 1041 2564 manum
1061 2515 1322 2577 repentino,
1342 2518 1426 2579 ξε.
1452 2515 1571 2564 Vet.
1591 2515 1814 2565 Putean.
1835 2516 2058 2581 Guelph.
2081 2526 2140 2567 et
2161 2518 2290 2569 Exc.
2309 2521 2595 2571 Sebonhov.

396 2582 607 2646 aliquam
637 2581 941 2630 barbarorum
969 2594 1176 2639 manum,
1212 2595 1335 2644 «μισ,
1370 2582 1450 2644 ξι.
1507 2579 1647 2630 Vide
1683 2580 1840 2632 Nott.
1863 2582 2016 2632 Van-r.
2069 2589 2275 2633 tentasse
2312 2585 2433 2639 edd.
2471 2593 2594 2637 ante

402 2645 557 2697 Grut.
588 2650 819 2696 tentasset
845 2645 1074 2708 Guelpb.
1096 2646 1221 2695 Vet.
1242 2646 1467 2695 Putem.
1488 2645 1760 2696 Mueck—2
1782 2648 1915 2697 Voc.
1948 2654 2176 2712 perpetua
2206 2650 2358 2700 deest
2382 2651 2433 2699 in
2472 2650 2595 2702 edd.

399 2719 531 2761 vett.
567 2718 714 2761 extat
746 2723 869 2760 vero
908 2711 960 2760 in
985 2710 1213 2774 Gnelpb.
1249 2711 1424 2760 Moerl.
1458 2711 1588 2760 Exc.
1622 2710 1912 2762 Sebonbov.
1953 2713 2076 2762 Ver.
2121 2714 2346 2763 Puteau.
2385 2717 2591 2767 Bertin.

399 2776 612 2840 cuspin.
635 2777 916 2826 Psrisiens.
950 2775 1141 2826 Cellar.
1176 2776 1348 2825 Banu.
1372 2776 1608 2825 Patarol.
1630 2783 1684 2826 et
1711 2787 1929 2828 recentt.
1997 2781 2014 2808 ⁸
2034 2778 2151 2828 Nec
2180 2781 2313 2828 male
2334 2779 2451 2831 huic
2474 2782 2592 2831 sub-

396 2841 628 2891 stantivo
650 2841 811 2908 (odia)
833 2842 884 2890 id
920 2841 1242 2905 adjungitur,
1264 2847 1324 2891 ut
1357 2843 1599 2906 sequenti
1632 2841 1980 2907 inexpiabiles!
2002 2842 2422 2895 Arntzenius.-—3
2445 2848 2592 2896 Male

395 2906 626 2969 Guelpb.
645 2908 873 2957 meritas
891 2905 1109 2971 offensus.
1174 2907 1323 2970 Mox,
1349 2906 1451 2955 Tum
1473 2920 1516 2958 c.
1535 2914 1610 2957 est
1631 2908 1754 2957 edd.
1775 2916 1903 2958 vett.
1955 2907 2055 2959 Sua
2075 2925 2117 2958 c.
2137 2916 2211 2961 est
2232 2911 2366 2973 conj.
2392 2910 2589 2961 Scbon-

393 2972 511 3023 bov.
543 2973 710 3022 Stulta
723 2988 765 3021 c.
782 2978 854 3022 est
866 2971 1002 3035 conj.
1023 2972 1246 3021 Putean.
1265 2979 1321 3020 et
1337 2971 1547 3025 Acidal.
1581 2974 1707 3022 Tuta
1727 2988 1768 3021 c.
1790 2978 1863 3023 est
1879 2974 2016 3037 conj.
2034 2975 2198 3025 Livin.
2220 2984 2272 3024 et
2289 2977 2364 3025 sic
2380 2976 2591 3027 edidere

396 3037 549 3088 Grut.
582 3038 815 3088 Patarol.
837 3037 1033 3099 Jaeger.
1056 3044 1111 3086 et
1132 3042 1358 3086 recentt.
1405 3050 1491 3087 nec
1510 3037 1605 3085 sibi
1627 3039 1762 3101 conj.
1786 3037 1989 3089 Acidal.
2039 3041 2122 3102 qui
2153 3041 2359 3101 ignoscit
2382 3044 2588 3094 emend.

392 3102 619 3154 Puteau.
706 3103 961 3165 ‘Vulgata
994 3101 1166 3167 placet
1202 3107 1416 3166 propter
1448 3101 1639 3164 magis?
1677 3101 1955 3153 Arma—4
1990 3104 2124 3153 Edd.
2158 3112 2288 3156 vett.
2326 3106 2466 3156 habet
2502 3122 2589 3172 per

389 3171 612 3227 veniam
664 3167 804 3218 Gud.
842 3167 1020 3218 Moerl.
1057 3168 1187 3219 Exc.
1225 3166 1518 3218 Schonhov.
1553 3174 1611 3217 et
1645 3168 1857 3234 Cuspio.
1891 3168 2028 3219 habet
2059 3169 2311 3221 renim-5
2332 3172 2589 3227 Mendose

1373 3312 1605 3366 ,NoTAE

389 3435 521 3485 erat,
544 3423 637 3480 sed
660 3438 717 3481 et
738 3430 898 3481 Indos
920 3430 1098 3496 petiit,
1129 3430 1446 3498 delevitque.
1522 3440 1662 3499 trop.

388 3504 542 3555 Unde
565 3507 732 3557 victor
753 3520 993 3559 reversos
1016 3508 1204 3559 divinis
1238 3510 1442 3561 bonori-
1587 3520 1612 3557 τι
1651 3511 1775 3562 Tuta
1810 3508 1944 3576 [tua]
1977 3510 2246 3574 clementia]
2295 3508 2397 3561 Alii
2430 3510 2583 3562 staua

388 3580 483 3633 bus
504 3590 754 3646 exceptus
777 3593 873 3634 est.
1518 3590 1767 3639 clevnentia
1787 3595 1878 3651 est,
1910 3590 1960 3639 id
1985 3597 2087 3650 est,
2122 3588 2336 3638 stultum
2358 3596 2440 3636 est
2465 3604 2578 3650 per-

451 3665 477 3693 ⁹
507 3659 791 3723 ignobilem,
826 3659 990 3724 medo]
1036 3661 1227 3723 Tangit
1270 3660 1442 3711 Maxi·
1520 3680 1642 3714 cere
1667 3665 1886 3715 inimicis
1908 3680 1973 3715 ex
1997 3673 2158 3729 metu,
2191 3672 2246 3714 et
2267 3664 2367 3714 sibi
2403 3666 2578 3727 potius

385 3738 544 3789 miani
578 3738 645 3787 de
680 3736 946 3801 Bagaudis
973 3738 1265 3802 victoriam,
1286 3753 1440 3804 quam
1520 3743 1840 3805 prospicere,
1865 3756 2018 3806 quam
2049 3755 2115 3790 ex
2141 3741 2226 3803 pia
2248 3739 2467 3805 quadam
2489 3756 2583 3791 vo·

382 3822 445 3865 ut
468 3816 807 3867 Constantino
822 3815 1067 3865 aduletur
1087 3816 1278 3866 elevat.
1322 3815 1440 3865 Ms—
1522 3817 1726 3866 lontate
1780 3818 1892 3867 aliis
1940 3818 2227 3881 ignoscere.
2302 3817 2578 3881 Gruterus,

381 3892 636 3942 ximianus
660 3900 832 3942 autem
852 3890 1053 3941 videtur
1078 3900 1185 3942 tum
1208 3891 1417 3942 obiisse.
1525 3893 1652 3943 Tuta
1670 3894 1915 3943 clementia
1935 3899 2024 3955 est,
2039 3893 2095 3943 id
2118 3900 2220 3959 est,
2241 3894 2443 3944 cautior
2459 3901 2574 3956 est3

445 3978 471 4013 Ρ
505 3969 667 4030 Reges
697 3970 827 4034 ipsos
849 3968 1098 4033 Francia]
1134 3967 1437 4020 Ascaricum
1519 3975 1576 4020 et
1600 3970 1848 4020 utrumvis
1870 3970 2025 4033 elige.

380 4054 436 4099 et
457 4047 754 4111 Regaisum,
783 4048 870 4113 qui
892 4049 1086 4098 ‘contra
1122 4044 1287 4096 foedns
1320 4060 1437 4098 eum
1579 4053 1603 4081 ¹·
1641 4047 1766 4097 Vera
1785 4045 1963 4110 virtus]
1991 4048 2129 4096 Vera
2148 4047 2311 4097 virtus
2333 4054 2413 4097 est
2432 4045 2570 4098 face-

382 4123 688 4177 Constantio
728 4126 913 4176 initum
943 4138 1001 4175 se
1035 4132 1446 4176 commoverant.
1515 4137 1573 4173 re
1595 4132 1674 4188 ut,
1697 4124 1782 4173 vel
1803 4124 1887 4188 qui
1926 4132 1980 4173 te
2014 4138 2120 4176 uon
2145 4133 2340 4191 ament,
2362 4125 2567 4191 placide

379 4201 494 4253 Hos
533 4203 902 4254 Constantinus
955 4203 1011 4253 in
1047 4204 1312 4254 theatrum
1358 4202 1438 4252 iu·
1516 4198 1615 4252 tibi
1639 4200 2021 4265 obtemperent·

377 4279 529 4332 duxit
562 4280 742 4333 belluis
779 4280 1110 4334 dilaniandos.
1175 4278 1295 4332 vid.
1331 4279 1432 4331 Eu·
