3084 4959
496 315 669 383 1344
1135 325 1462 378 Buranun
1514 321 2060 375 muneramus

495 484 628 548 nisi
680 482 793 547 diu
851 478 1221 564 scriptum,c
1288 487 1357 544 et
1411 499 1598 562 saepe
1657 480 2037 555 tractatum,
2094 471 2313 572 aufferri
2372 478 2701 556 oportere.

493 587 560 649 2.
608 584 793 649 Nam
842 583 961 667 qui
1013 582 1195 666 apud
1250 581 1744 665 Imperatorem
1785 578 2027 664 populi
2069 575 2363 641 Romani
2404 576 2567 641 dicit
2610 595 2704 641 ex

494 694 823 771 tempore,
849 698 1170 769 quantum
1199 686 1314 763 sit,
1345 704 1477 750 non
1506 685 1734 760 sentit,
1757 682 2127 766 imperium.
2216 680 2284 745 3.
2331 679 2491 744 Huc
2512 699 2706 744 acce-

492 789 618 867 dit,
650 787 828 884 quod
850 789 991 876 jam
1018 786 1191 852 satis
1221 787 1416 851 multi
1448 793 1628 863 sun‘t,
1654 786 1772 869 qui
1794 804 1903 848 me
1929 789 2164 869 putant
2187 781 2467 846 nimium
2491 782 2707 847 multa

493 891 866 958 dicturum:
912 889 1139 974 idque,
1188 895 1261 954 ut
1313 889 1620 966 arbitror,
1667 905 1799 950 non
1847 904 1937 949 ex
1981 885 2249 968 ingenio
2295 903 2473 960 meo,
2523 883 2705 967 quod

493 988 831 1053 mediocre
870 996 999 1063 est,
1047 987 1169 1053 sed
1213 1005 1305 1052 ex
1344 986 1626 1052 laudum
1662 990 2034 1050 vestrarum
2088 982 2295 1066 copia
2333 982 2705 1047 metiuntur.

497 1089 803 1169 Quorum
848 1109 977 1172 ego
1009 1091 1579 1172 expectationem,
1610 1088 1865 1152 invitus
1894 1086 2081 1164 licet,
2109 1084 2344 1154 fallam
2385 1085 2709 1149 brevitate

495 1190 785 1256 dicendi.
875 1191 1146 1256 Revera
1189 1192 1366 1255 enim
1419 1192 1876 1273 cogitaveram
1915 1189 2133 1272 plura,
2179 1208 2334 1272 quae
2395 1187 2706 1261 dicerem,

493 1293 616 1359 sed
671 1293 854 1358 malo
915 1292 1282 1357 orationem
1331 1312 1552 1357 meam
1610 1293 1879 1357 brevem
1931 1311 2109 1367 esse,
2166 1310 2371 1375 quam
2416 1285 2703 1371 respui.‘¹

491 1398 559 1461 4.
606 1394 853 1480 Itaque
881 1396 1170 1480 primum
1201 1396 1369 1460 illud
1422 1395 1895 1479 compendium
1948 1394 2217 1470 faciam,
2268 1391 2507 1480 quod,⁰
2551 1411 2706 1456 cum

493 1600 689 1664 socia
714 1598 1067 1682 majestas»,
1106 1598 1336 1663 debita
1376 1598 1801 1663 veneratione
1842 1600 2235 1682 suspiciam,
2264 1599 2439 1662 hunc
2480 1606 2705 1662 tamen

492 1701 1186 1785 quantulumcumque
1230 1706 1347 1765 tuo
1388 1700 1618 1778 modo,
1663 1698 2123 1776 Constantine,
2170 1701 2419 1764 numini
2457 1699 2702 1764 dicabo

491 1821 884 1867 sermonem.
974 1804 1037 1866 5.
1087 1801 1184 1866 Ut
1215 1803 1388 1866 enim
1411 1802 1610 1885 ipsos
1639 1803 2056 1868 immortales
2075 1802 2292 1880 DeoS,
2316 1821 2706 1887 quanquam

490 1905 846 1969 universos
878 1905 1104 1969 animo
1131 1905 1463 1982 colamus,
1490 1904 1829 1969 interdum
1853 1911 2075 1971 tamen
2105 1909 2173 1969 in
2204 1925 2328 1971 suo
2373 1923 2703 1990 quemque

489 2008 751 2091 templo
783 2027 866 2072 ac
898 2007 1058 2072 sede
1089 2026 1523 2088 veneramur3
1553 2008 1656 2072 ita
1685 2007 1845 2071 mihi
1865 2007 1973 2072 fas
2003 2026 2153 2072 esse
2178 2007 2379 2097 duco,
2403 2008 2704 2072 omnium

553 2158 579 2182 ⁰
614 2150 776 2207 Quare
792 2165 848 2200 ea
865 2150 1072 2216 primum
1088 2154 1227 2215 parte
1243 2151 1505 2200 orationem
1522 2150 1817 2208 contraham,
1834 2150 1977 2214 quod,
2004 2152 2090 2214 ὅγε.

1421 2260 1774 2283 OOOOOOOOOOO

488 2342 504 2372 ‘
527 2342 808 2404 Vulgarum
850 2348 1028 2392 tuetur
1064 2344 1347 2407 sententia,
1384 2350 1438 2393 et
1480 2344 1747 2394 Ciceronis
1780 2345 1924 2394 locus
1962 2359 2081 2394 mox
2115 2359 2146 2393 a
2177 2345 2377 2394 Baunio
2413 2344 2711 2396 adhibitus!

491 2406 670 2457 Arutz.
717 2421 841 2470 περι
865 2413 1072 2457 tractum
1098 2409 1334 2459 Rhenan.
1358 2417 1414 2459 et
1437 2411 1606 2459 Livin-
1639 2424 1762 2475 soepe
1784 2414 2042 2460 tractatum
2064 2410 2186 2459 Vet.
2206 2410 2376 2460 Livia.
2405 2412 2534 2461 Exc.
2552 2412 2710 2461 Voss.

493 2472 721 2534 Guelph.
759 2473 961 2522 Bertin.
987 2473 1201 2536 cuspin.
1224 2484 1279 2525 et
1316 2474 1438 2525 edd.
1467 2477 1791 2525 meeum—2
1829 2475 1958 2524 Nam
1978 2491 2025 2538 q.
2061 2490 2108 2523 a.
2143 2475 2461 2538 Imperatores
2482 2476 2711 2540 Guelph.

492 2544 550 2585 et
593 2537 724 2587 Exc.
766 2536 1020 2588 νοω-3
1057 2539 1224 2589 Livio.
1260 2540 1394 2602 conj.
1429 2541 1480 2589 id
1516 2542 1660 2604 quod,
1699 2544 1755 2589 ut
1797 2539 2023 2590 arbitror.
2093 2540 2223 2589 Voc.
2254 2545 2307 2588 ut
2345 2540 2496 2591 deest
2537 2543 2585 2590 in
2621 2542 2709 2590 ed.

494 2602 664 2650 Banu.
695 2602 886 2650 laudum
920 2607 1111 2652 tuarum
1143 2604 1266 2653 Vet.
1298 2605 1524 2654 Putean.
1554 2605 1726 2653 Moeri.
1762 2604 1897 2654 Gne!
1939 2604 1993 2653 11.
2030 2604 2161 2653 Exc.
2194 2605 2344 2654 Voss.
2392 2605 2576 2654 brevem
2608 2621 2711 2655 esse

493 2666 689 2715 desunt
710 2666 763 2714 iu
786 2665 907 2715 edd.
932 2675 1063 2717 vett.
1086 2674 1273 2719 extant
1296 2670 1348 2718 in
1380 2670 1535 2720 codd.
1558 2671 1781 2719 Putean.
1805 2670 1889 2719 Gu
1929 2700 1944 2715 .
1966 2668 2141 2718 Moerl.
2164 2676 2220 2717 et
2245 2670 2374 2721 Exc.
2398 2671 2547 2720 Voss.
2602 2672 2707 2720 Pro

490 2731 673 2793 respui,
702 2730 994 2781 Schenkius
1030 2734 1178 2783 malit
1207 2734 1475 2797 restringi5
1507 2734 1631 2784 edd.
1652 2740 1779 2784 vett.
1801 2748 2052 2797 rapuere,-
2088 2732 2294 2785 Acidai.
2327 2736 2462 2798 conj.
2492 2736 2713 2798 requiri,-

493 2795 738 2845 Barthius
772 2796 1064 2860 πυρίεί-4
1097 2799 1113 2827 ‘
1143 2799 1357 2861 Nescio,
1388 2815 1452 2850 an
1491 2801 1611 2848 illud
1643 2797 1941 2862 cornpendii.'
2007 2798 2214 2848 Acidal.
2244 2801 2260 2826 ‘
2284 2814 2379 2849 non
2400 2803 2525 2863 quod
2552 2813 2713 2851 omnes

490 2860 702 2912 Bertiu.
723 2860 890 2911 male?
955 2861 1123 2911 Livio.
1156 2878 1331 2922 omnes,
1367 2865 1673 2913 invictissimi
1710 2864 1879 2913 Rivin.
1901 2869 1957 2912 et
1978 2862 2102 2914 edd.
2138 2870 2359 2914 receutt.
2394 2879 2476 2913 vos
2513 2864 2708 2914 habent

491 2925 696 2975 Bertin.
720 2925 935 2988 cuspin.
959 2926 1187 2991 Guelph.
1211 2931 1343 2978 Exc.
1367 2931 1517 2978 Voss.
1542 2929 1702 2978 Grut.
1736 2935 1791 2977 et
1825 2928 1948 2978 edd.
1981 2935 2202 2978 recentt.
2237 2929 2570 2979 beatissimos
2604 2930 2708 2991 legi

487 2988 645 3053 jubet
668 2990 874 3041 Acidal.
906 3005 1101 3042 concors
1135 2999 1184 3043 et
1221 2994 1349 3043 socia
1381 3001 1455 3045 est
1493 2996 1613 3042 Vet.
1637 2993 1805 3043 Livin.
1838 3008 2028 3042 consors
2057 2995 2195 3056 conj·
2233 2993 2440 3045 Acidal.
2475 2997 2492 3023 ‘
2515 2995 2708 3045 Melius

490 3070 683 3104 concors
695 3071 715 3114 ‚-
749 3057 967 3106 alterum
994 3057 1131 3105 enim
1168 3059 1298 3107 nihil
1330 3074 1360 3107 a
1392 3059 1522 3108 socia
1557 3057 1759 3108 distat)
1788 3058 1966 3107 Arntz.
2035 3058 2144 3108 Pro
2165 3060 2437 3122 suspiciam,
2461 3060 2595 3123 quod
2620 3060 2712 3109 ha-

491 3119 622 3169 bent
646 3122 778 3169 Exc.
802 3122 964 3184 Lsng.
981 3128 1038 3171 et
1060 3123 1143 3173 ed.
1161 3124 1328 3173 Rhea.
1352 3132 1407 3173 et
1427 3125 1614 3188 Steph.
1641 3122 1897 3186 suscipiam
1919 3123 2108 3183 legitur
2133 3125 2186 3173 in
2204 3125 2337 3175 Exc.
2363 3125 2516 3173 Voss.
2531 3125 2708 3175 Moeri.

495 3182 638 3232 Gnd.
666 3185 832 3233 Paris.
858 3187 1086 3236 Patarol.
1109 3188 1302 3239 Gener.
1326 3194 1383 3237 et
1403 3189 1524 3237 edd.
1550 3197 1775 3238 recenti.
1808 3191 1824 3216 ⁴
1848 3188 2035 3236 numini
2067 3190 2199 3238 male
2233 3189 2382 3237 deest
2403 3191 2456 3238 in
2481 3190 2710 3253 Gueiph.

496 3254 552 3296 et
573 3249 703 3298 Exc.
726 3248 899 3300 Voss.'
928 3250 1204 3301 Arata-6
1241 3253 1372 3303 Voc.
1406 3260 1567 3303 tamen
1588 3253 1735 3302 deest
1758 3254 1810 3301 in
1835 3253 1955 3301 edd.
1993 3253 2229 3303 Rheuau.
2257 3255 2438 3316 steph.
2461 3261 2514 3304 et
2540 3255 2711 3303 Rivin.

497 3319 645 3361 extat
673 3315 724 3361 in
747 3313 869 3363 Vet.
907 3315 1131 3365 Putean.
1155 3317 1280 3377 Exc.
1316 3316 1610 3367 Schouhov.
1646 3317 1867 3379 aliisque
1904 3318 2059 3368 codd.
2078 3320 2167 3378 sas
2200 3324 2274 3369 est
2310 3322 2517 3369 omnium
2544 3320 2712 3370 Rivin.

497 3377 620 3427 edd.
659 3378 900 3439 vett-sas
932 3394 1034 3429 esse
1065 3382 1203 3439 duco,
1239 3382 1446 3432 omnium
1484 3383 1605 3433 Vet.
1644 3384 1872 3433 Putean.
1909 3383 2032 3433 Vet.
2066 3384 2237 3435 Liviu.
2273 3385 2475 3434 Bertiu.
2497 3387 2711 3449 cuspin.

1500 3503 1717 3556 NOTAE

562 3588 585 3617 ⁰
621 3580 740 3630 Nisi
769 3581 854 3629 diu
885 3582 1140 3646 scriptum]
1175 3585 1430 3650 Respexit
1466 3602 1561 3650 pro
1642 3587 1800 3650 respui
1820 3587 2103 3651 [orationem
2123 3603 2273 3638 meam
2294 3587 2479 3650 respui]
2503 3590 2710 3655 Legunt

454 3693 457 3696 -
497 3671 639 3707 more
664 3671 757 3706 suo
792 3658 1073 3710 Eumenius
1109 3660 1174 3710 ad
1207 3663 1375 3714 iocum
1405 3663 1563 3714 Tullii
1646 3665 1733 3714 alii
1774 3665 2032 3715 orationem
2071 3680 2222 3715 meam
2262 3667 2564 3726 desiderari,·
2605 3668 2712 3731 aiii,

496 3721 594 3797 pro
631 3734 773 3796 Lege
798 3733 986 3784 Manil.
1015 3750 1130 3801 cap.
1151 3742 1201 3789 2.
1233 3738 1249 3768 ‘
1275 3740 1409 3790 Nam
1443 3735 1562 3792 cuni
1646 3742 1828 3806 requiri
1842 3758 1864 3801 ,·
1899 3742 2005 3803 alii,
2026 3742 2212 3792 brevem
2233 3757 2352 3804 esse,
2372 3758 2511 3807 quam
2530 3746 2707 3808 respui,

498 3815 654 3859 antea
676 3824 774 3873 per
793 3817 1005 3861 aetatem
1024 3814 1249 3864 nondum
1269 3816 1422 3879 huJus
1442 3832 1563 3867 auc·
1646 3818 1700 3867 id
1735 3826 1837 3875 est,
1866 3831 2015 3881 quam
2049 3817 2217 3880 renui,
2252 3827 2534 3882 propterea
2571 3821 2709 3883 qnod

500 3885 769 3936 toritatem
804 3886 906 3937 loci
942 3889 1243 3952 contingere
1278 3891 1559 3944 auderem:
1649 3892 1860 3944 taedium
1885 3893 2030 3945 vobis
2059 3892 2272 3945 efferate
2302 3895 2405 3954 aiii,
2438 3896 2628 3962 respici,
2651 3897 2706 3947 id

500 3968 892 4027 statueremque
915 3964 1042 4014 nihil
1076 3966 1195 4028 huc,
1233 3968 1330 4018 nisi
1356 3968 1564 4033 perfec·
1645 3978 1728 4022 est
1750 3970 2057 4034 magnifieri.

501 4047 614 4088 tum
628 4037 857 4102 ingenio,
870 4039 1194 4092 elaboratum
1213 4043 1466 4096 industria
1484 4044 1564 4096 af·
1710 4056 1733 4083 ⁸
1767 4048 2082 4100 [avidissimi
2103 4049 2383 4115 Principes]
2416 4052 2715 4106 Constanti·

457 4099 460 4100 ⁷
498 4112 628 4164 ferri
646 4114 930 4178 oportet-ej
949 4119 1049 4166 διο.
1646 4140 1759 4184 nus,
1786 4126 2034 4192 Licinius,
2057 4132 2110 4178 et
2132 4127 2471 4179 Maximinus.

565 4186 591 4223 ὅ
628 4190 907 4248 Orationem
925 4207 1074 4245 meam
1092 4184 1274 4247 brffvem
1286 4211 1401 4254 esse,
1424 4212 1565 4262 quam
