3084 4959
844 382 961 430 η.
1006 380 1328 431 vAnan
1377 378 1901 431 cousunrrm
1950 376 2224 433 tuem.
2459 370 2634 439 1307

424 545 558 603 raS,
594 525 1029 609 Praxagoras
1075 524 1256 611 apud
1298 524 1640 604 Photinm,
1670 526 2072 611 Anonymus
2101 526 2392 609 Valesii,
2425 529 2628 597 Poma-

423 643 588 713 pon.
621 628 880 706 Laetus,
911 634 980 694 et
1021 627 1204 712 apud
1250 627 1635 695 Tristanum
1685 628 2103 696 Constantini
2144 649 2457 698 nummus
2497 639 2629 699 tro-

423 750 651 817 paeum
697 731 936 796 dextra
974 731 1288 809 tenentis,
1334 737 1401 795 et
1448 733 1720 798 sinistra
1760 733 2108 818 captivum
2157 735 2622 819 opprimentis:

423 835 653 900 titulus
686 840 704 869 ‘
738 849 1186 899 ranAronr
1217 831 1485 899 mers?

504 1036 596 1103 A.
627 1036 717 1103 U.
748 1036 1202 1139 C.'Mxr.vr11.
1247 1037 1498 1104 Christi
1532 1053 1812 1103 ccxcv.
1856 1038 2155 1104 Dioclet.
2184 1038 2358 1125 Imp.
2392 1056 2536 1105 xu.

792 1139 1084 1205 Maxim.
1117 1138 1294 1224 Imp.
1327 1156 1442 1206 xr.
1491 1138 1725 1206 Const.
1754 1141 1963 1207 AEtat.
1998 1156 2244 1206 xxm.

501 1257 834 1324 Confecto
867 1259 1244 1324 Sarmatico
1271 1258 1474 1335 bello,
1503 1260 1937 1343 subactisque
1963 1259 2227 1344 Carpis,
2253 1280 2407 1326 cum
2440 1260 2615 1328 Con-

416 1364 683 1430 stantini
711 1364 889 1429 sama
917 1364 1113 1446 longe
1140 1362 1409 1446 lateque
1429 1368 1827 1439 emanasset,
1848 1361 2320 1428 Diocletianus
2338 1383 2495 1430 eum
2524 1364 2615 1430 ad

412 1487 488 1533 se
517 1468 583 1532 in
613 1467 985 1551 AEgyptum
1013 1474 1274 1547 evocat,
1298 1485 1435 1552 quo
1464 1466 1618 1551 ejus
1637 1466 1882 1532 virtute
1912 1465 2000 1531 ad
2021 1464 2456 1535 Alexandriae
2490 1468 2615 1533 ob·

408 1569 744 1637 sidionem
776 1574 1095 1636 uteretur.

521 1751 611 1818 A.
644 1752 733 1818 U.
766 1753 844 1820 C.
881 1772 1044 1820 mm.
1110 1753 1360 1822 Christi
1389 1771 1761 1820 ccxcvul.
1824 1754 2118 1822 Dioclet.
2150 1755 2326 1840 Imp.
2360 1770 2493 1819 xv.

752 1857 1046 1924 Maxim.
1078 1858 1254 1945 Imp.
1290 1875 1457 1924 xiv.
1512 1859 1748 1925 Const.
1784 1860 1995 1924 AEtat.
2031 1875 2259 1925 xxvi.

494 1975 975 2042 Constantinus
1003 1997 1093 2043 ex
1121 1976 1400 2043 Oriente
1431 1978 1499 2043 in
1533 1977 1809 2043 Italiam
1851 1997 1894 2044 a
1939 1977 2378 2045 Diocletiano
2420 1975 2603 2061 Aug.

401 2077 765 2144 reducitur.
857 2079 1017 2159 Quo
1056 2081 1264 2145 ferme
1306 2101 1484 2168 anno
1514 2079 1814 2157 Arelate,
1862 2082 2081 2166 inquit
2116 2081 2484 2157 Diaconus,
2529 2082 2601 2146 in

400 2182 630 2249 Gallia
680 2205 768 2250 ex
821 2184 1191 2252 Minervina
1222 2184 1531 2271 Crispum
1578 2188 1899 2272 suscepit,
1931 2187 2049 2271 qui
2098 2193 2171 2252 ut
2222 2207 2262 2252 e
2309 2185 2603 2271 pueritia

397 2288 720 2365 excessit,
767 2308 808 2353 a
838 2287 1204 2354 Lactantio
1240 2288 1582 2355 Fir-miano
1614 2289 1894 2356 Arnobii
1926 2290 2291 2375 discipulo,
2322 2291 2465 2355 viro
2493 2289 2600 2355 sui

396 2390 724 2474 temporis
752 2390 1231 2457 facundissimo
1263 2400 1335 2458 et
1364 2394 1813 2475 integerrimo,
1846 2394 1932 2460 ad
1964 2394 2413 2460 Christianam
2441 2392 2599 2457 reli-

394 2495 680 2576 gionem,
724 2501 1115 2579 ceterasque
1146 2499 1429 2563 virtutes
1471 2496 1603 2563 fuit
1647 2497 2016 2563 institutus.
2105 2495 2312 2575 Quod
2366 2505 2594 2561 autem

395 2596 846 2664 Minervinam
878 2597 1055 2664 haud
1086 2618 1308 2664 veram
1341 2598 1764 2666 Constantini
1792 2599 2139 2684 conjugem
2182 2599 2394 2663 fuisse
2426 2619 2595 2664 non-

390 2700 559 2765 nulli
611 2700 939 2781 dictitant,
975 2701 1123 2787 jam
1170 2703 1239 2767 in
1291 2701 1671 2769 Constantii
1722 2706 1866 2768 vita
1895 2702 2186 2788 quaestio
2240 2701 2593 2785 profligata

392 2811 525 2882 est,
556 2804 672 2869 ubi
720 2803 1005 2869 ethnicis
1061 2804 1503 2889 scriptoribus
1534 2803 1828 2884 Graecis,
1873 2804 2049 2869 unde
2082 2812 2438 2870 manarunt
2464 2804 2591 2868 hu-

379 2906 683 2992 jusmodi
743 2908 1131 2992 opinioneS,
1189 2909 1631 2993 inprimisque
1684 2908 1967 2973 Zosimo
2017 2908 2085 2972 in
2136 2908 2222 2971 iis
2280 2926 2438 2991 quae
2497 2908 2588 2972 ad

386 3011 824 3093 imperatores
857 3010 1280 3077 Christianos
1327 3019 1664 3095 spectant,
1714 3011 1963 3077 nnllam
2011 3030 2165 3077 esse
2212 3009 2587 3075 habendam

385 3111 585 3176 fidem
632 3112 1005 3178 observavi.
1094 3110 1204 3177 Ac
1253 3113 1731 3197 praetermissis
1776 3111 2338 3198 Panegyricorum
2389 3113 2587 3193 lociS,

383 3216 502 3279 ubi
531 3214 953 3281 Constantini
977 3216 1384 3281 continentia
1415 3223 1554 3281 tam
1586 3235 1776 3299 saepe
1803 3214 2137 3294 laudatur,
2164 3215 2297 3281 hoc
2325 3219 2584 3281 tantum

383 3318 562 3397 dico,
592 3339 928 3404 nunquam
957 3317 1272 3405 Crispum
1290 3339 1427 3385 una
1457 3338 1610 3385 cum
1635 3318 1881 3385 ceteris
1905 3315 2336 3383 Constantini
2355 3317 2583 3384 liberis

381 3421 578 3506 quasi
609 3442 835 3488 eorum
879 3429 1041 3487 natu
1093 3424 1463 3498 maximum
1493 3421 1582 3488 ad
1625 3420 1888 3507 imperii
1914 3441 2108 3506 spem
2138 3421 2578 3497 educandum,

379 3529 498 3587 aut
526 3523 898 3588 ornandum
926 3544 1021 3589 ex
1054 3525 1330 3592 Faustae
1376 3544 1719 3591 consensu
1749 3523 2045 3589 Caesaris
2075 3523 2428 3605 dignitate,
2466 3528 2584 3587 aut

378 3625 528 3709 ejus
558 3629 835 3690 mortem
867 3628 954 3691 ab
988 3625 1256 3692 Helena
1299 3632 1652 3712 tantopere
1682 3627 2053 3692 deflendam
2086 3632 2208 3689 aut
2236 3624 2579 3689 vindican-

374 3727 552 3802 dam,
609 3727 667 3791 si
694 3746 785 3792 ex
830 3728 1127 3810 legitimo
1177 3731 1603 3794 matrimonio
1649 3735 1852 3794 natus
1906 3747 2042 3793 non
2090 3726 2352 3794 fuisset.
2444 3724 2579 3790 Mi-

372 3831 716 3896 nervinam
759 3831 1023 3895 natione
1047 3828 1318 3895 Gallam
1368 3830 1585 3896 fuisse
1631 3831 1916 3915 probare
1959 3829 2191 3893 nititur
2216 3827 2577 3895 Tristanus

370 3934 441 3998 in
474 3927 928 3999 Commentar.
960 3931 1227 3997 Histor.
1255 3952 1347 3998 ex
1391 3930 1734 3999 Ammiani
1776 3933 1895 3998 lib.
1933 3946 2231 3997 xxvm.
2271 3930 2392 3995 ubi
2436 3930 2574 3996 Mi-

369 4038 580 4103 nervii
629 4035 985 4121 cujusdam
1029 4034 1155 4100 viri
1207 4036 1587 4102 consularis
1625 4035 1884 4101 ‘mentio
1931 4040 2078 4102 est:
2124 4052 2216 4098 ex
2247 4033 2571 4113 Ausonio,

367 4140 548 4227 apud
572 4160 769 4226 quem
786 4140 1044 4208 Tiberii
1068 4136 1370 4215 Victoris
1402 4140 1722 4207 Minervii
1750 4146 2088 4208 oratorum
2104 4137 2211 4205 sui
2244 4138 2567 4223 temporis
