<?xml version="1.0" encoding="UTF-8"?>
<!DOCTYPE html PUBLIC "-//W3C//DTD XHTML 1.0 Transitional//EN"
    "http://www.w3.org/TR/xhtml1/DTD/xhtml1-transitional.dtd">
<html xmlns="http://www.w3.org/1999/xhtml" xml:lang="en" lang="en">
 <head>
  <title>
</title>
<meta http-equiv="Content-Type" content="text/html;charset=utf-8" />
  <meta name='ocr-system' content='tesseract 3.04.00' />
  <meta name='ocr-capabilities' content='ocr_page ocr_carea ocr_par ocr_line ocrx_word'/>
</head>
<body>
  <div class='ocr_page' id='page_1' title='image "./panegyriciveter05baungoog_0344.png"; bbox 0 0 3084 4959; ppageno 0'>
   <div class='ocr_carea' id='block_1_1' title="bbox 492 340 666 406">
    <p class='ocr_par' dir='ltr' id='par_1_1' title="bbox 492 340 666 406">
     <span class='ocr_line' id='line_1_1' title="bbox 492 340 666 406; baseline -0.006 0"><span class='ocrx_word' id='word_1_1' title='bbox 492 340 666 406; x_wconf 75' lang='lat'>1414</span> 
     </span>
    </p>
   </div>
   <div class='ocr_carea' id='block_1_2' title="bbox 421 494 2688 1822">
    <p class='ocr_par' dir='ltr' id='par_1_2' title="bbox 421 494 2688 1822">
     <span class='ocr_line' id='line_1_2' title="bbox 579 494 2680 582; baseline -0.001 -16"><span class='ocrx_word' id='word_1_2' title='bbox 579 499 760 566; x_wconf 65' lang='lat' dir='ltr'><strong>Cae.</strong></span> <span class='ocrx_word' id='word_1_3' title='bbox 807 514 980 563; x_wconf 81' lang='lat' dir='ltr'><strong>vm.</strong></span> <span class='ocrx_word' id='word_1_4' title='bbox 1062 496 1128 562; x_wconf 87' lang='lat'><strong>1.</strong></span> <span class='ocrx_word' id='word_1_5' title='bbox 1173 496 1312 563; x_wconf 89' lang='lat' dir='ltr'><strong>Sed</strong></span> <span class='ocrx_word' id='word_1_6' title='bbox 1342 495 1520 561; x_wconf 88' lang='lat' dir='ltr'><strong>enim</strong></span> <span class='ocrx_word' id='word_1_7' title='bbox 1562 513 1939 562; x_wconf 79' lang='lat' dir='ltr'><strong>aerumnosa</strong></span> <span class='ocrx_word' id='word_1_8' title='bbox 1977 494 2121 575; x_wconf 89' lang='lat' dir='ltr'><strong>illa,</strong></span> <span class='ocrx_word' id='word_1_9' title='bbox 2150 500 2220 561; x_wconf 88' lang='lat' dir='ltr'><strong>et</strong></span> <span class='ocrx_word' id='word_1_10' title='bbox 2253 496 2680 582; x_wconf 82' lang='lat' dir='ltr'><strong>jampridem,</strong></span> 
     </span>
     <span class='ocr_line' id='line_1_3' title="bbox 494 597 2684 683; baseline -0 -15"><span class='ocrx_word' id='word_1_11' title='bbox 494 603 714 669; x_wconf 89' lang='lat' dir='ltr'><strong>media</strong></span> <span class='ocrx_word' id='word_1_12' title='bbox 770 602 971 668; x_wconf 75' lang='lat' dir='ltr'><strong>aeta&#39;te</strong></span> <span class='ocrx_word' id='word_1_13' title='bbox 1000 607 1028 637; x_wconf 76' lang='lat'>⁸</span> <span class='ocrx_word' id='word_1_14' title='bbox 1083 604 1326 675; x_wconf 78' lang='lat' dir='ltr'><strong>nostra,</strong></span> <span class='ocrx_word' id='word_1_15' title='bbox 1390 597 1580 665; x_wconf 86' lang='lat' dir='ltr'><strong>civili</strong></span> <span class='ocrx_word' id='word_1_16' title='bbox 1634 601 1955 683; x_wconf 82' lang='lat' dir='ltr'><strong>sanguine</strong></span> <span class='ocrx_word' id='word_1_17' title='bbox 2010 600 2352 666; x_wconf 86' lang='lat' dir='ltr'><strong>maculata</strong></span> <span class='ocrx_word' id='word_1_18' title='bbox 2409 599 2684 679; x_wconf 75' lang='lat' dir='ltr'><strong>Verona</strong></span> 
     </span>
     <span class='ocr_line' id='line_1_4' title="bbox 493 701 2687 793; baseline -0.002 -20"><span class='ocrx_word' id='word_1_19' title='bbox 493 706 789 793; x_wconf 82' lang='lat' dir='ltr'><strong>maximo</strong></span> <span class='ocrx_word' id='word_1_20' title='bbox 845 703 1141 769; x_wconf 89' lang='lat' dir='ltr'><strong>hostium</strong></span> <span class='ocrx_word' id='word_1_21' title='bbox 1196 701 1493 768; x_wconf 82' lang='lat' dir='ltr'><strong>exercitu</strong></span> <span class='ocrx_word' id='word_1_22' title='bbox 1552 703 1919 782; x_wconf 85' lang='lat' dir='ltr'><strong>tenebatur,</strong></span> <span class='ocrx_word' id='word_1_23' title='bbox 1977 704 2316 769; x_wconf 80' lang='lat' dir='ltr'><strong>acerrimis</strong></span> <span class='ocrx_word' id='word_1_24' title='bbox 2372 701 2687 784; x_wconf 81' lang='lat' dir='ltr'><strong>ducibus,</strong></span> 
     </span>
     <span class='ocr_line' id='line_1_5' title="bbox 492 803 2687 895; baseline -0.001 -20"><span class='ocrx_word' id='word_1_25' title='bbox 492 806 1160 895; x_wconf 76' lang='lat' dir='ltr'><strong>pertinacissimoque</strong></span> <span class='ocrx_word' id='word_1_26' title='bbox 1197 804 1516 889; x_wconf 79' lang='lat' dir='ltr'><strong>praefecto</strong></span> <span class='ocrx_word' id='word_1_27' title='bbox 1537 825 1557 886; x_wconf 75' lang='grc' dir='ltr'><strong>ς</strong></span> <span class='ocrx_word' id='word_1_28' title='bbox 1581 803 1612 845; x_wconf 71' lang='lat'><strong>‘¹</strong></span> <span class='ocrx_word' id='word_1_29' title='bbox 1653 805 1932 886; x_wconf 88' lang='lat' dir='ltr'><strong>scilicet,</strong></span> <span class='ocrx_word' id='word_1_30' title='bbox 1963 812 2041 872; x_wconf 91' lang='lat' dir='ltr'><strong>ut</strong></span> <span class='ocrx_word' id='word_1_31' title='bbox 2070 824 2158 891; x_wconf 89' lang='lat' dir='ltr'><strong>qu</strong></span> <span class='ocrx_word' id='word_1_32' title='bbox 2167 826 2273 873; x_wconf 91' lang='lat' dir='ltr'><strong>am</strong></span> <span class='ocrx_word' id='word_1_33' title='bbox 2304 808 2640 873; x_wconf 85' lang='lat' dir='ltr'><strong>coloniam</strong></span> <span class='ocrx_word' id='word_1_34' title='bbox 2659 814 2687 843; x_wconf 75' lang='lat'><em>⁶</em></span> 
     </span>
     <span class='ocr_line' id='line_1_6' title="bbox 494 906 2686 994; baseline -0.003 -12"><span class='ocrx_word' id='word_1_35' title='bbox 494 914 621 982; x_wconf 80' lang='lat' dir='ltr'><strong>Gn.</strong></span> <span class='ocrx_word' id='word_1_36' title='bbox 658 910 1022 994; x_wconf 85' lang='lat' dir='ltr'><strong>Pompeius</strong></span> <span class='ocrx_word' id='word_1_37' title='bbox 1062 907 1424 993; x_wconf 85' lang='lat' dir='ltr'><strong>aliquando</strong></span> <span class='ocrx_word' id='word_1_38' title='bbox 1467 907 1862 988; x_wconf 83' lang='lat' dir='ltr'><strong>deduxerat,</strong></span> <span class='ocrx_word' id='word_1_39' title='bbox 1894 906 2389 994; x_wconf 75' lang='lat' dir='ltr'><strong>Pompeianus‘</strong></span> <span class='ocrx_word' id='word_1_40' title='bbox 2425 917 2686 977; x_wconf 79' lang='lat' dir='ltr'><strong>everte·</strong></span> 
     </span>
     <span class='ocr_line' id='line_1_7' title="bbox 493 1010 2682 1099; baseline -0.001 -16"><span class='ocrx_word' id='word_1_41' title='bbox 493 1026 610 1083; x_wconf 87' lang='lat' dir='ltr'><strong>ret.</strong></span> <span class='ocrx_word' id='word_1_42' title='bbox 697 1016 766 1081; x_wconf 80' lang='lat'><strong>2.</strong></span> <span class='ocrx_word' id='word_1_43' title='bbox 810 1014 874 1079; x_wconf 88' lang='grc' dir='ltr'><strong>Ο</strong></span> <span class='ocrx_word' id='word_1_44' title='bbox 934 1011 1385 1078; x_wconf 71' lang='lat' dir='ltr'><strong>miserabilem</strong></span> <span class='ocrx_word' id='word_1_45' title='bbox 1428 1010 1913 1078; x_wconf 77' lang='lat' dir='ltr'><strong>veronensium</strong></span> <span class='ocrx_word' id='word_1_46' title='bbox 1971 1013 2447 1091; x_wconf 78' lang='lat' dir='ltr'><strong>calamitatem,</strong></span> <span class='ocrx_word' id='word_1_47' title='bbox 2508 1032 2682 1099; x_wconf 85' lang='lat' dir='ltr'><strong>quos</strong></span> 
     </span>
     <span class='ocr_line' id='line_1_8' title="bbox 493 1115 2684 1201; baseline -0.002 -16"><span class='ocrx_word' id='word_1_48' title='bbox 493 1140 631 1186; x_wconf 90' lang='lat' dir='ltr'><strong>non</strong></span> <span class='ocrx_word' id='word_1_49' title='bbox 676 1125 839 1185; x_wconf 89' lang='lat' dir='ltr'><strong>tam·</strong></span> <span class='ocrx_word' id='word_1_50' title='bbox 865 1125 1008 1195; x_wconf 87' lang='lat' dir='ltr'><strong>tua,</strong></span> <span class='ocrx_word' id='word_1_51' title='bbox 1051 1136 1256 1201; x_wconf 85' lang='lat' dir='ltr'><strong>quam</strong></span> <span class='ocrx_word' id='word_1_52' title='bbox 1306 1117 1622 1183; x_wconf 87' lang='lat' dir='ltr'><strong>intestina</strong></span> <span class='ocrx_word' id='word_1_53' title='bbox 1664 1115 2022 1182; x_wconf 83' lang='lat' dir='ltr'><strong>satellitum</strong></span> <span class='ocrx_word' id='word_1_54' title='bbox 2075 1117 2326 1201; x_wconf 77' lang='lat' dir='ltr'><strong>pressit</strong></span> <span class='ocrx_word' id='word_1_55' title='bbox 2374 1117 2684 1183; x_wconf 81' lang='lat' dir='ltr'><strong>obsidio!</strong></span> 
     </span>
     <span class='ocr_line' id='line_1_9' title="bbox 495 1217 2688 1307; baseline -0.002 -20"><span class='ocrx_word' id='word_1_56' title='bbox 495 1223 751 1307; x_wconf 87' lang='lat' dir='ltr'><strong>quippe</strong></span> <span class='ocrx_word' id='word_1_57' title='bbox 777 1219 1052 1287; x_wconf 85' lang='lat' dir='ltr'><strong>Athesis</strong></span> <span class='ocrx_word' id='word_1_58' title='bbox 1069 1228 1097 1269; x_wconf 62' lang='grc' dir='ltr'><strong>Β</strong></span> <span class='ocrx_word' id='word_1_59' title='bbox 1129 1220 1266 1297; x_wconf 89' lang='lat' dir='ltr'><strong>ille,</strong></span> <span class='ocrx_word' id='word_1_60' title='bbox 1294 1219 1486 1284; x_wconf 83' lang='lat' dir='ltr'><strong>saxis</strong></span> <span class='ocrx_word' id='word_1_61' title='bbox 1515 1237 1736 1301; x_wconf 84' lang='lat' dir='ltr'><strong>asper,</strong></span> <span class='ocrx_word' id='word_1_62' title='bbox 1764 1224 1832 1284; x_wconf 86' lang='lat' dir='ltr'><strong>et</strong></span> <span class='ocrx_word' id='word_1_63' title='bbox 1858 1217 2232 1302; x_wconf 84' lang='lat' dir='ltr'><strong>gurgitibus</strong></span> <span class='ocrx_word' id='word_1_64' title='bbox 2259 1218 2688 1296; x_wconf 61' lang='lat' dir='ltr'><strong>vorticosus:</strong></span> 
     </span>
     <span class='ocr_line' id='line_1_10' title="bbox 495 1321 2684 1409; baseline -0.002 -19"><span class='ocrx_word' id='word_1_65' title='bbox 495 1329 564 1390; x_wconf 89' lang='lat' dir='ltr'><strong>et</strong></span> <span class='ocrx_word' id='word_1_66' title='bbox 612 1326 862 1409; x_wconf 88' lang='lat' dir='ltr'><strong>impetu</strong></span> <span class='ocrx_word' id='word_1_67' title='bbox 913 1324 1129 1399; x_wconf 83' lang='lat' dir='ltr'><strong>ferox,</strong></span> <span class='ocrx_word' id='word_1_68' title='bbox 1182 1321 1754 1407; x_wconf 77' lang='lat' dir='ltr'><strong>oppugnationem</strong></span> <span class='ocrx_word' id='word_1_69' title='bbox 1813 1321 2228 1405; x_wconf 82' lang='lat' dir='ltr'><strong>prohibebat,</strong></span> <span class='ocrx_word' id='word_1_70' title='bbox 2287 1338 2684 1405; x_wconf 88' lang='lat' dir='ltr'><strong>omnemque</strong></span> 
     </span>
     <span class='ocr_line' id='line_1_11' title="bbox 492 1420 2680 1517; baseline -0.001 -25"><span class='ocrx_word' id='word_1_71' title='bbox 492 1434 670 1492; x_wconf 87' lang='lat' dir='ltr'><strong>retro</strong></span> <span class='ocrx_word' id='word_1_72' title='bbox 697 1429 1024 1510; x_wconf 86' lang='lat' dir='ltr'><strong>regionem</strong></span> <span class='ocrx_word' id='word_1_73' title='bbox 1054 1425 1421 1492; x_wconf 87' lang='lat' dir='ltr'><strong>evehendis</strong></span> <span class='ocrx_word' id='word_1_74' title='bbox 1451 1420 1707 1509; x_wconf 77' lang='lat' dir='ltr'><strong>copiis¹¹</strong></span> <span class='ocrx_word' id='word_1_75' title='bbox 1734 1429 1970 1517; x_wconf 84' lang='lat' dir='ltr'><strong>tutam,</strong></span> <span class='ocrx_word' id='word_1_76' title='bbox 1990 1423 2475 1508; x_wconf 86' lang='lat' dir='ltr'><strong>defensamque</strong></span> <span class='ocrx_word' id='word_1_77' title='bbox 2506 1443 2680 1507; x_wconf 70' lang='lat' dir='ltr'><strong>pree-</strong></span> 
     </span>
     <span class='ocr_line' id='line_1_12' title="bbox 421 1524 2684 1614; baseline -0.002 -18"><span class='ocrx_word' id='word_1_78' title='bbox 421 1524 424 1527; x_wconf 70' lang='grc'><strong>’</strong></span> <span class='ocrx_word' id='word_1_79' title='bbox 493 1530 736 1596; x_wconf 84' lang='lat' dir='ltr'><strong>stabat.</strong></span> <span class='ocrx_word' id='word_1_80' title='bbox 821 1530 887 1595; x_wconf 79' lang='lat'><strong>3.</strong></span> <span class='ocrx_word' id='word_1_81' title='bbox 936 1527 1144 1609; x_wconf 80' lang='lat' dir='ltr'><strong>Quod</strong></span> <span class='ocrx_word' id='word_1_82' title='bbox 1182 1536 1397 1595; x_wconf 85' lang='lat' dir='ltr'><strong>tamen</strong></span> <span class='ocrx_word' id='word_1_83' title='bbox 1438 1546 1521 1592; x_wconf 90' lang='lat' dir='ltr'><strong>ne</strong></span> <span class='ocrx_word' id='word_1_84' title='bbox 1552 1527 2100 1594; x_wconf 69' lang='lat' dir='ltr'><strong>diutius-hostem</strong></span> <span class='ocrx_word' id='word_1_85' title='bbox 2136 1529 2428 1614; x_wconf 83' lang='lat' dir='ltr'><strong>juvaret,</strong></span> <span class='ocrx_word' id='word_1_86' title='bbox 2459 1528 2684 1611; x_wconf 86' lang='lat' dir='ltr'><strong>provi-</strong></span> 
     </span>
     <span class='ocr_line' id='line_1_13' title="bbox 495 1629 2682 1715; baseline -0 -18"><span class='ocrx_word' id='word_1_87' title='bbox 495 1632 721 1698; x_wconf 89' lang='lat' dir='ltr'><strong>dentia</strong></span> <span class='ocrx_word' id='word_1_88' title='bbox 777 1646 892 1698; x_wconf 87' lang='lat' dir='ltr'><strong>tua</strong></span> <span class='ocrx_word' id='word_1_89' title='bbox 945 1632 1201 1698; x_wconf 83' lang='lat' dir='ltr'><strong>factum</strong></span> <span class='ocrx_word' id='word_1_90' title='bbox 1257 1639 1383 1707; x_wconf 87' lang='lat' dir='ltr'><strong>est,</strong></span> <span class='ocrx_word' id='word_1_91' title='bbox 1441 1650 1594 1697; x_wconf 90' lang='lat' dir='ltr'><strong>cum</strong></span> <span class='ocrx_word' id='word_1_92' title='bbox 1648 1630 2108 1714; x_wconf 87' lang='lat' dir='ltr'><strong>superioribus</strong></span> <span class='ocrx_word' id='word_1_93' title='bbox 2164 1631 2237 1696; x_wconf 88' lang='lat' dir='ltr'><strong>in</strong></span> <span class='ocrx_word' id='word_1_94' title='bbox 2287 1629 2488 1707; x_wconf 84' lang='lat' dir='ltr'><strong>locis,</strong></span> <span class='ocrx_word' id='word_1_95' title='bbox 2543 1649 2682 1715; x_wconf 84' lang='lat' dir='ltr'><strong>qua</strong></span> 
     </span>
     <span class='ocr_line' id='line_1_14' title="bbox 492 1734 2682 1822; baseline -0.001 -21"><span class='ocrx_word' id='word_1_96' title='bbox 492 1735 706 1801; x_wconf 80' lang='lat' dir='ltr'><strong>lenior</strong></span> <span class='ocrx_word' id='word_1_97' title='bbox 745 1735 981 1815; x_wconf 90' lang='lat' dir='ltr'><strong>amnis,</strong></span> <span class='ocrx_word' id='word_1_98' title='bbox 1012 1741 1086 1801; x_wconf 90' lang='lat' dir='ltr'><strong>et</strong></span> <span class='ocrx_word' id='word_1_99' title='bbox 1124 1734 1340 1818; x_wconf 82' lang='lat' dir='ltr'><strong>ignari</strong></span> <span class='ocrx_word' id='word_1_100' title='bbox 1381 1734 1608 1801; x_wconf 82' lang='lat' dir='ltr'><strong>hostes</strong></span> <span class='ocrx_word' id='word_1_101' title='bbox 1651 1742 1860 1813; x_wconf 88' lang='lat' dir='ltr'><strong>erant,</strong></span> <span class='ocrx_word' id='word_1_102' title='bbox 1907 1734 2247 1801; x_wconf 83' lang='lat' dir='ltr'><strong>exercitus</strong></span> <span class='ocrx_word' id='word_1_103' title='bbox 2295 1739 2501 1822; x_wconf 78' lang='lat' dir='ltr'><strong>parte</strong></span> <span class='ocrx_word' id='word_1_104' title='bbox 2529 1752 2682 1818; x_wconf 88' lang='lat' dir='ltr'><strong>pro-</strong></span> 
     </span>
    </p>
   </div>
   <div class='ocr_carea' id='block_1_3' title="bbox 1039 348 2047 409">
    <p class='ocr_par' dir='ltr' id='par_1_3' title="bbox 1039 348 2047 409">
     <span class='ocr_line' id='line_1_15' title="bbox 1039 348 2047 409; baseline -0.008 -2"><span class='ocrx_word' id='word_1_105' title='bbox 1039 399 1044 409; x_wconf 88' lang='lat'><strong><em>.</em></strong></span> <span class='ocrx_word' id='word_1_106' title='bbox 1139 348 1453 402; x_wconf 69' lang='lat' dir='ltr'><strong>monum</strong></span> <span class='ocrx_word' id='word_1_107' title='bbox 1503 350 1653 400; x_wconf 75' lang='lat' dir='ltr'><strong>PAN</strong></span> <span class='ocrx_word' id='word_1_108' title='bbox 1666 348 2047 402; x_wconf 62' lang='lat' dir='ltr'><strong>novumn&amp;</strong></span> 
     </span>
    </p>
   </div>
   <div class='ocr_carea' id='block_1_4' title="bbox 559 1920 1319 1986">
    <p class='ocr_par' dir='ltr' id='par_1_4' title="bbox 559 1920 1319 1986">
     <span class='ocr_line' id='line_1_16' title="bbox 559 1920 1319 1986; baseline -0.001 -15"><span class='ocrx_word' id='word_1_109' title='bbox 559 1930 579 1954; x_wconf 74' lang='lat'><strong><em>‘</em></strong></span> <span class='ocrx_word' id='word_1_110' title='bbox 614 1921 808 1973; x_wconf 72' lang='lat' dir='ltr'><strong>Crebri·</strong></span> <span class='ocrx_word' id='word_1_111' title='bbox 828 1920 1089 1973; x_wconf 70' lang='lat' dir='ltr'><strong>vorticibus</strong></span> <span class='ocrx_word' id='word_1_112' title='bbox 1107 1921 1319 1986; x_wconf 70' lang='lat' dir='ltr'><strong>rapidus.</strong></span> 
     </span>
    </p>
   </div>
   <div class='ocr_carea' id='block_1_5' title="bbox 1407 2016 1764 2038">
    <p class='ocr_par' dir='ltr' id='par_1_5' title="bbox 1407 2016 1764 2038">
     <span class='ocr_line' id='line_1_17' title="bbox 1407 2016 1764 2038; baseline -0.003 -1"><span class='ocrx_word' id='word_1_113' title='bbox 1407 2016 1465 2037; x_wconf 70' lang='lat'><strong>00</strong></span> <span class='ocrx_word' id='word_1_114' title='bbox 1472 2016 1586 2037; x_wconf 65' lang='lat' dir='ltr'><strong>OOOO</strong></span> <span class='ocrx_word' id='word_1_115' title='bbox 1591 2017 1616 2037; x_wconf 75' lang='lat'><em>0</em></span> <span class='ocrx_word' id='word_1_116' title='bbox 1621 2017 1675 2038; x_wconf 72' lang='lat'><strong>00</strong></span> <span class='ocrx_word' id='word_1_117' title='bbox 1679 2017 1734 2036; x_wconf 66' lang='lat' dir='ltr'><strong>‘O</strong></span> <span class='ocrx_word' id='word_1_118' title='bbox 1739 2016 1764 2036; x_wconf 75' lang='lat'><em>0</em></span> 
     </span>
    </p>
   </div>
   <div class='ocr_carea' id='block_1_6' title="bbox 448 2124 2686 2520">
    <p class='ocr_par' dir='ltr' id='par_1_6' title="bbox 490 2124 2683 2389">
     <span class='ocr_line' id='line_1_18' title="bbox 560 2124 2681 2193; baseline 0.003 -19"><span class='ocrx_word' id='word_1_119' title='bbox 560 2124 695 2175; x_wconf 72' lang='lat' dir='ltr'><strong>Car».</strong></span> <span class='ocrx_word' id='word_1_120' title='bbox 719 2139 845 2177; x_wconf 82' lang='lat' dir='ltr'><strong>vm.</strong></span> <span class='ocrx_word' id='word_1_121' title='bbox 910 2131 937 2176; x_wconf 88' lang='lat'>1</span> <span class='ocrx_word' id='word_1_122' title='bbox 967 2125 1103 2177; x_wconf 86' lang='lat' dir='ltr'><strong>Edd.</strong></span> <span class='ocrx_word' id='word_1_123' title='bbox 1130 2131 1250 2174; x_wconf 82' lang='lat' dir='ltr'><strong>ante</strong></span> <span class='ocrx_word' id='word_1_124' title='bbox 1272 2125 1336 2177; x_wconf 88' lang='lat' dir='ltr'><strong>P.</strong></span> <span class='ocrx_word' id='word_1_125' title='bbox 1359 2125 1542 2188; x_wconf 82' lang='lat' dir='ltr'><strong>steph.</strong></span> <span class='ocrx_word' id='word_1_126' title='bbox 1565 2131 1615 2176; x_wconf 77' lang='lat' dir='ltr'><strong>et</strong></span> <span class='ocrx_word' id='word_1_127' title='bbox 1630 2126 1850 2190; x_wconf 72' lang='lat' dir='ltr'><strong>pridem3</strong></span> <span class='ocrx_word' id='word_1_128' title='bbox 1905 2126 2112 2179; x_wconf 77' lang='lat' dir='ltr'><strong>Ber-tin.</strong></span> <span class='ocrx_word' id='word_1_129' title='bbox 2147 2128 2363 2193; x_wconf 71' lang='lat' dir='ltr'><strong>cuspin.</strong></span> <span class='ocrx_word' id='word_1_130' title='bbox 2383 2135 2440 2178; x_wconf 87' lang='lat' dir='ltr'><strong>et</strong></span> <span class='ocrx_word' id='word_1_131' title='bbox 2462 2128 2582 2178; x_wconf 86' lang='lat' dir='ltr'><strong>edd.</strong></span> <span class='ocrx_word' id='word_1_132' title='bbox 2598 2143 2681 2180; x_wconf 87' lang='lat' dir='ltr'><strong>re·</strong></span> 
     </span>
     <span class='ocr_line' id='line_1_19' title="bbox 493 2190 2683 2257; baseline 0.005 -19"><span class='ocrx_word' id='word_1_133' title='bbox 493 2197 657 2240; x_wconf 83' lang='lat' dir='ltr'><strong>centt.</strong></span> <span class='ocrx_word' id='word_1_134' title='bbox 675 2195 722 2241; x_wconf 82' lang='lat' dir='ltr'><strong>et</strong></span> <span class='ocrx_word' id='word_1_135' title='bbox 740 2190 1064 2257; x_wconf 74' lang='lat' dir='ltr'><strong>jampridem.</strong></span> <span class='ocrx_word' id='word_1_136' title='bbox 1130 2191 1278 2248; x_wconf 84' lang='lat' dir='ltr'><strong>Mox,</strong></span> <span class='ocrx_word' id='word_1_137' title='bbox 1312 2197 1361 2241; x_wconf 79' lang='lat' dir='ltr'><strong>et</strong></span> <span class='ocrx_word' id='word_1_138' title='bbox 1386 2192 1736 2253; x_wconf 68' lang='lat' dir='ltr'><strong>pugnacissime</strong></span> <span class='ocrx_word' id='word_1_139' title='bbox 1772 2192 1995 2256; x_wconf 64' lang='lat' dir='ltr'><strong>prnj&#39;ecto</strong></span> <span class='ocrx_word' id='word_1_140' title='bbox 2031 2192 2268 2243; x_wconf 87' lang='lat' dir='ltr'><strong>Rhenan.</strong></span> <span class='ocrx_word' id='word_1_141' title='bbox 2305 2194 2376 2244; x_wconf 89' lang='lat' dir='ltr'><strong>H.</strong></span> <span class='ocrx_word' id='word_1_142' title='bbox 2410 2194 2593 2256; x_wconf 82' lang='lat' dir='ltr'><strong>Steph.</strong></span> <span class='ocrx_word' id='word_1_143' title='bbox 2627 2201 2683 2248; x_wconf 87' lang='lat' dir='ltr'><strong>et</strong></span> 
     </span>
     <span class='ocr_line' id='line_1_20' title="bbox 494 2255 2683 2322; baseline 0.002 -19"><span class='ocrx_word' id='word_1_144' title='bbox 494 2255 766 2305; x_wconf 52' lang='lat' dir='ltr'><strong>Bivium—2</strong></span> <span class='ocrx_word' id='word_1_145' title='bbox 801 2257 920 2309; x_wconf 83' lang='lat' dir='ltr'><strong>Voc.</strong></span> <span class='ocrx_word' id='word_1_146' title='bbox 944 2271 1081 2322; x_wconf 69' lang='lat' dir='ltr'><strong>asper</strong></span> <span class='ocrx_word' id='word_1_147' title='bbox 1103 2256 1254 2307; x_wconf 78' lang='lat' dir='ltr'><strong>deest</strong></span> <span class='ocrx_word' id='word_1_148' title='bbox 1273 2258 1325 2307; x_wconf 91' lang='lat' dir='ltr'><strong>iu</strong></span> <span class='ocrx_word' id='word_1_149' title='bbox 1357 2256 1562 2307; x_wconf 79' lang='lat' dir='ltr'><strong>Bertin.</strong></span> <span class='ocrx_word' id='word_1_150' title='bbox 1861 2259 1872 2271; x_wconf 77' lang='lat'><em>⁶</em></span> <span class='ocrx_word' id='word_1_151' title='bbox 1933 2272 1959 2307; x_wconf 83' lang='lat' dir='ltr'><strong>e</strong></span> <span class='ocrx_word' id='word_1_152' title='bbox 1994 2258 2119 2307; x_wconf 80' lang='lat' dir='ltr'><strong>Vct.</strong></span> <span class='ocrx_word' id='word_1_153' title='bbox 2155 2260 2380 2309; x_wconf 87' lang='lat' dir='ltr'><strong>Putean.</strong></span> <span class='ocrx_word' id='word_1_154' title='bbox 2414 2268 2470 2310; x_wconf 87' lang='lat' dir='ltr'><strong>et</strong></span> <span class='ocrx_word' id='word_1_155' title='bbox 2508 2261 2683 2310; x_wconf 80' lang='lat' dir='ltr'><strong>Moerl.</strong></span> 
     </span>
     <span class='ocr_line' id='line_1_21' title="bbox 490 2320 2681 2389; baseline 0.004 -20"><span class='ocrx_word' id='word_1_156' title='bbox 490 2321 546 2369; x_wconf 77' lang='lat' dir='ltr'><strong>in</strong></span> <span class='ocrx_word' id='word_1_157' title='bbox 562 2320 809 2370; x_wconf 71' lang='lat' dir='ltr'><strong>evehendis</strong></span> <span class='ocrx_word' id='word_1_158' title='bbox 832 2321 1035 2377; x_wconf 81' lang='lat' dir='ltr'><strong>Bertin.</strong></span> <span class='ocrx_word' id='word_1_159' title='bbox 1051 2322 1185 2372; x_wconf 85' lang='lat' dir='ltr'><strong>unde</strong></span> <span class='ocrx_word' id='word_1_160' title='bbox 1200 2322 1363 2372; x_wconf 77' lang='lat' dir='ltr'><strong>Livin-</strong></span> <span class='ocrx_word' id='word_1_161' title='bbox 1388 2329 1445 2372; x_wconf 92' lang='lat' dir='ltr'><strong>et</strong></span> <span class='ocrx_word' id='word_1_162' title='bbox 1467 2321 1669 2372; x_wconf 86' lang='lat' dir='ltr'><strong>Acidal.</strong></span> <span class='ocrx_word' id='word_1_163' title='bbox 1688 2323 1824 2387; x_wconf 87' lang='lat' dir='ltr'><strong>conj.</strong></span> <span class='ocrx_word' id='word_1_164' title='bbox 1845 2322 2137 2379; x_wconf 59' lang='lat' dir='ltr'><strong>invehendi&amp;</strong></span> <span class='ocrx_word' id='word_1_165' title='bbox 2153 2339 2303 2389; x_wconf 83' lang='lat' dir='ltr'><strong>quam</strong></span> <span class='ocrx_word' id='word_1_166' title='bbox 2327 2325 2681 2388; x_wconf 82' lang='lat' dir='ltr'><strong>conjecturam</strong></span> 
     </span>
    </p>

    <p class='ocr_par' dir='ltr' id='par_1_7' title="bbox 448 2384 2686 2520">
     <span class='ocr_line' id='line_1_22' title="bbox 448 2384 2686 2520; baseline 0.003 -21"><span class='ocrx_word' id='word_1_167' title='bbox 448 2499 453 2511; x_wconf 83' lang='grc'>,</span> <span class='ocrx_word' id='word_1_168' title='bbox 494 2384 1333 2506; x_wconf 52' lang='lat' dir='ltr'><strong>ssisspissuffiiffi&#39;eiffihsseitsszff</strong></span> <span class='ocrx_word' id='word_1_169' title='bbox 1343 2388 1610 2518; x_wconf 56' lang='lat' dir='ltr'><strong>fflmm·</strong></span> <span class='ocrx_word' id='word_1_170' title='bbox 1517 2388 1813 2518; x_wconf 47' lang='lat'><strong>¹³³2&amp;</strong></span> <span class='ocrx_word' id='word_1_171' title='bbox 1833 2388 2282 2519; x_wconf 57' lang='lat' dir='ltr'><strong>:t‘assf&#39;xzffl</strong></span> <span class='ocrx_word' id='word_1_172' title='bbox 2306 2391 2457 2520; x_wconf 61' lang='lat'><strong>¹2:5⁰2:</strong></span> <span class='ocrx_word' id='word_1_173' title='bbox 2484 2391 2686 2518; x_wconf 56' lang='lat' dir='ltr'><strong>miii</strong></span> 
     </span>
    </p>
   </div>
   <div class='ocr_carea' id='block_1_7' title="bbox 1475 2617 1696 2669">
    <p class='ocr_par' dir='ltr' id='par_1_8' title="bbox 1475 2617 1696 2669">
     <span class='ocr_line' id='line_1_23' title="bbox 1475 2617 1696 2669; baseline -0.009 0"><span class='ocrx_word' id='word_1_174' title='bbox 1475 2617 1696 2669; x_wconf 79' lang='lat' dir='ltr'><strong>NOTAE</strong></span> 
     </span>
    </p>
   </div>
   <div class='ocr_carea' id='block_1_8' title="bbox 494 2730 1555 3933">
    <p class='ocr_par' dir='ltr' id='par_1_9' title="bbox 494 2730 1553 3781">
     <span class='ocr_line' id='line_1_24' title="bbox 560 2730 1552 2795; baseline 0.001 -16"><span class='ocrx_word' id='word_1_175' title='bbox 560 2736 583 2765; x_wconf 61' lang='grc' dir='ltr'><strong>θ</strong></span> <span class='ocrx_word' id='word_1_176' title='bbox 609 2731 926 2795; x_wconf 77' lang='lat' dir='ltr'><strong>Jampridem,</strong></span> <span class='ocrx_word' id='word_1_177' title='bbox 957 2733 1112 2783; x_wconf 76' lang='lat' dir='ltr'><strong>media</strong></span> <span class='ocrx_word' id='word_1_178' title='bbox 1144 2730 1313 2794; x_wconf 57' lang='grc' dir='ltr'><strong>θέαις]</strong></span> <span class='ocrx_word' id='word_1_179' title='bbox 1352 2730 1417 2782; x_wconf 86' lang='lat' dir='ltr'><strong>Id</strong></span> <span class='ocrx_word' id='word_1_180' title='bbox 1450 2737 1552 2795; x_wconf 80' lang='lat' dir='ltr'><strong>est,</strong></span> 
     </span>
     <span class='ocr_line' id='line_1_25' title="bbox 497 2807 1550 2860; baseline -0.004 0"><span class='ocrx_word' id='word_1_181' title='bbox 497 2818 615 2860; x_wconf 86' lang='lat' dir='ltr'><strong>ante</strong></span> <span class='ocrx_word' id='word_1_182' title='bbox 637 2813 719 2858; x_wconf 77' lang='grc'><strong>30.</strong></span> <span class='ocrx_word' id='word_1_183' title='bbox 738 2808 949 2859; x_wconf 83' lang='lat' dir='ltr'><strong>circiter</strong></span> <span class='ocrx_word' id='word_1_184' title='bbox 971 2823 1132 2858; x_wconf 78' lang='lat' dir='ltr'><strong>anuos</strong></span> <span class='ocrx_word' id='word_1_185' title='bbox 1154 2823 1271 2859; x_wconf 91' lang='lat' dir='ltr'><strong>cum</strong></span> <span class='ocrx_word' id='word_1_186' title='bbox 1292 2807 1309 2835; x_wconf 88' lang='lat'>‘</span> <span class='ocrx_word' id='word_1_187' title='bbox 1330 2807 1550 2858; x_wconf 82' lang='lat' dir='ltr'><strong>Sabinus</strong></span> 
     </span>
     <span class='ocr_line' id='line_1_26' title="bbox 494 2884 1550 2949; baseline -0.003 -12"><span class='ocrx_word' id='word_1_188' title='bbox 494 2885 734 2939; x_wconf 73' lang='lat' dir='ltr'><strong>Julianus</strong></span> <span class='ocrx_word' id='word_1_189' title='bbox 756 2884 1000 2935; x_wconf 78' lang='lat' dir='ltr'><strong>invadens</strong></span> <span class='ocrx_word' id='word_1_190' title='bbox 1018 2885 1289 2949; x_wconf 86' lang='lat' dir='ltr'><strong>imperium</strong></span> <span class='ocrx_word' id='word_1_191' title='bbox 1310 2900 1339 2934; x_wconf 90' lang='lat' dir='ltr'><strong>a</strong></span> <span class='ocrx_word' id='word_1_192' title='bbox 1358 2885 1550 2935; x_wconf 89' lang='lat' dir='ltr'><strong>Carino</strong></span> 
     </span>
     <span class='ocr_line' id='line_1_27' title="bbox 495 2946 1551 3026; baseline 0.003 -16"><span class='ocrx_word' id='word_1_193' title='bbox 495 2963 548 3011; x_wconf 91' lang='lat' dir='ltr'><strong>in</strong></span> <span class='ocrx_word' id='word_1_194' title='bbox 575 2960 770 3026; x_wconf 74' lang='lat' dir='ltr'><strong>campis</strong></span> <span class='ocrx_word' id='word_1_195' title='bbox 802 2946 1187 3012; x_wconf 57' lang='lat' dir='ltr'><strong>Verdnensihus</strong></span> <span class='ocrx_word' id='word_1_196' title='bbox 1211 2961 1410 3012; x_wconf 80' lang='lat' dir='ltr'><strong>occisus</strong></span> <span class='ocrx_word' id='word_1_197' title='bbox 1434 2961 1551 3013; x_wconf 61' lang='lat' dir='ltr'><strong>est?</strong></span> 
     </span>
     <span class='ocr_line' id='line_1_28' title="bbox 495 3038 1553 3103; baseline -0.002 -14"><span class='ocrx_word' id='word_1_198' title='bbox 495 3040 680 3089; x_wconf 85' lang='lat' dir='ltr'><strong>Victor</strong></span> <span class='ocrx_word' id='word_1_199' title='bbox 703 3038 922 3089; x_wconf 81' lang='lat' dir='ltr'><strong>schotti.</strong></span> <span class='ocrx_word' id='word_1_200' title='bbox 988 3040 1177 3103; x_wconf 86' lang='lat' dir='ltr'><strong>Itaque</strong></span> <span class='ocrx_word' id='word_1_201' title='bbox 1198 3044 1379 3089; x_wconf 82' lang='lat' dir='ltr'><strong>auctor</strong></span> <span class='ocrx_word' id='word_1_202' title='bbox 1399 3038 1553 3102; x_wconf 80' lang='lat' dir='ltr'><strong>hujus</strong></span> 
     </span>
     <span class='ocr_line' id='line_1_29' title="bbox 494 3115 1553 3180; baseline -0.001 -14"><span class='ocrx_word' id='word_1_203' title='bbox 494 3115 812 3180; x_wconf 79' lang='lat' dir='ltr'><strong>Panegyrici</strong></span> <span class='ocrx_word' id='word_1_204' title='bbox 831 3122 958 3166; x_wconf 86' lang='lat' dir='ltr'><strong>-tum</strong></span> <span class='ocrx_word' id='word_1_205' title='bbox 1002 3116 1189 3179; x_wconf 81' lang='lat' dir='ltr'><strong>agebat</strong></span> <span class='ocrx_word' id='word_1_206' title='bbox 1235 3129 1425 3167; x_wconf 87' lang='lat' dir='ltr'><strong>annum</strong></span> <span class='ocrx_word' id='word_1_207' title='bbox 1467 3120 1553 3166; x_wconf 81' lang='grc'><strong>60.</strong></span> 
     </span>
     <span class='ocr_line' id='line_1_30' title="bbox 496 3191 1551 3243; baseline -0.001 -1"><span class='ocrx_word' id='word_1_208' title='bbox 496 3207 615 3242; x_wconf 86' lang='lat' dir='ltr'><strong>eum</strong></span> <span class='ocrx_word' id='word_1_209' title='bbox 640 3192 771 3241; x_wconf 86' lang='lat' dir='ltr'><strong>haue</strong></span> <span class='ocrx_word' id='word_1_210' title='bbox 806 3191 1089 3242; x_wconf 86' lang='lat' dir='ltr'><strong>orationem</strong></span> <span class='ocrx_word' id='word_1_211' title='bbox 1123 3191 1323 3242; x_wconf 79' lang='lat' dir='ltr'><strong>habuit.</strong></span> <span class='ocrx_word' id='word_1_212' title='bbox 1390 3193 1551 3243; x_wconf 86' lang='lat' dir='ltr'><strong>Certe</strong></span> 
     </span>
     <span class='ocr_line' id='line_1_31' title="bbox 497 3267 1551 3333; baseline 0.001 -17"><span class='ocrx_word' id='word_1_213' title='bbox 497 3267 632 3333; x_wconf 91' lang='lat' dir='ltr'><strong>quod</strong></span> <span class='ocrx_word' id='word_1_214' title='bbox 652 3267 823 3326; x_wconf 87' lang='lat' dir='ltr'><strong>media</strong></span> <span class='ocrx_word' id='word_1_215' title='bbox 840 3275 998 3318; x_wconf 79' lang='lat' dir='ltr'><strong>aetate</strong></span> <span class='ocrx_word' id='word_1_216' title='bbox 1016 3268 1394 3330; x_wconf 69' lang='lat' dir='ltr'><strong>nuacontigisse</strong></span> <span class='ocrx_word' id='word_1_217' title='bbox 1414 3268 1551 3319; x_wconf 74' lang='lat' dir='ltr'><strong>istud</strong></span> 
     </span>
     <span class='ocr_line' id='line_1_32' title="bbox 498 3342 1550 3405; baseline -0.001 -11"><span class='ocrx_word' id='word_1_218' title='bbox 498 3344 593 3405; x_wconf 88' lang='lat' dir='ltr'><strong>ait,</strong></span> <span class='ocrx_word' id='word_1_219' title='bbox 614 3342 667 3392; x_wconf 90' lang='lat' dir='ltr'><strong>id</strong></span> <span class='ocrx_word' id='word_1_220' title='bbox 692 3351 792 3399; x_wconf 82' lang='lat' dir='ltr'><strong>est,</strong></span> <span class='ocrx_word' id='word_1_221' title='bbox 813 3358 928 3393; x_wconf 91' lang='lat' dir='ltr'><strong>cum</strong></span> <span class='ocrx_word' id='word_1_222' title='bbox 951 3351 1091 3393; x_wconf 81' lang='lat' dir='ltr'><strong>esset</strong></span> <span class='ocrx_word' id='word_1_223' title='bbox 1122 3344 1173 3394; x_wconf 92' lang='lat' dir='ltr'><strong>in</strong></span> <span class='ocrx_word' id='word_1_224' title='bbox 1206 3342 1335 3394; x_wconf 88' lang='lat' dir='ltr'><strong>flore</strong></span> <span class='ocrx_word' id='word_1_225' title='bbox 1358 3345 1550 3402; x_wconf 75' lang='lat' dir='ltr'><strong>aetatis,</strong></span> 
     </span>
     <span class='ocr_line' id='line_1_33' title="bbox 498 3417 1550 3484; baseline 0.001 -16"><span class='ocrx_word' id='word_1_226' title='bbox 498 3434 616 3484; x_wconf 70' lang='lat' dir='ltr'><strong>qum</strong></span> <span class='ocrx_word' id='word_1_227' title='bbox 640 3423 657 3448; x_wconf 77' lang='lat'>⁴</span> <span class='ocrx_word' id='word_1_228' title='bbox 684 3426 809 3468; x_wconf 59' lang='grc' dir='ltr'><strong>κιαι</strong></span> <span class='ocrx_word' id='word_1_229' title='bbox 832 3417 1000 3469; x_wconf 86' lang='lat' dir='ltr'><strong>media</strong></span> <span class='ocrx_word' id='word_1_230' title='bbox 1025 3417 1041 3440; x_wconf 88' lang='lat'>&#39;</span> <span class='ocrx_word' id='word_1_231' title='bbox 1060 3417 1271 3478; x_wconf 86' lang='lat' dir='ltr'><strong>dicitur,</strong></span> <span class='ocrx_word' id='word_1_232' title='bbox 1295 3426 1354 3469; x_wconf 87' lang='lat' dir='ltr'><strong>ut</strong></span> <span class='ocrx_word' id='word_1_233' title='bbox 1375 3419 1550 3469; x_wconf 79' lang='lat' dir='ltr'><strong>ohser-</strong></span> 
     </span>
     <span class='ocr_line' id='line_1_34' title="bbox 497 3497 1550 3562; baseline -0.001 -13"><span class='ocrx_word' id='word_1_234' title='bbox 497 3498 614 3549; x_wconf 80' lang='lat' dir='ltr'><strong>vavi</strong></span> <span class='ocrx_word' id='word_1_235' title='bbox 637 3497 840 3562; x_wconf 78' lang='lat' dir='ltr'><strong>Paneg.</strong></span> <span class='ocrx_word' id='word_1_236' title='bbox 872 3511 972 3548; x_wconf 82' lang='lat' dir='ltr'><strong>vu.</strong></span> <span class='ocrx_word' id='word_1_237' title='bbox 998 3511 1115 3561; x_wconf 85' lang='lat' dir='ltr'><strong>cap.</strong></span> <span class='ocrx_word' id='word_1_238' title='bbox 1139 3501 1186 3546; x_wconf 83' lang='lat'><strong>1.</strong></span> <span class='ocrx_word' id='word_1_239' title='bbox 1207 3504 1316 3547; x_wconf 84' lang='lat' dir='ltr'><strong>not.</strong></span> <span class='ocrx_word' id='word_1_240' title='bbox 1340 3500 1386 3545; x_wconf 72' lang='lat'><strong>3.</strong></span> <span class='ocrx_word' id='word_1_241' title='bbox 1458 3498 1550 3548; x_wconf 82' lang='lat' dir='ltr'><strong>Ve-</strong></span> 
     </span>
     <span class='ocr_line' id='line_1_35' title="bbox 495 3570 1552 3624; baseline 0.001 -1"><span class='ocrx_word' id='word_1_242' title='bbox 495 3591 614 3624; x_wconf 74' lang='lat' dir='ltr'><strong>rona</strong></span> <span class='ocrx_word' id='word_1_243' title='bbox 634 3581 806 3624; x_wconf 88' lang='lat' dir='ltr'><strong>autem</strong></span> <span class='ocrx_word' id='word_1_244' title='bbox 832 3574 953 3624; x_wconf 83' lang='lat' dir='ltr'><strong>urbs</strong></span> <span class='ocrx_word' id='word_1_245' title='bbox 975 3579 1056 3622; x_wconf 76' lang='lat' dir='ltr'><strong>est</strong></span> <span class='ocrx_word' id='word_1_246' title='bbox 1077 3572 1142 3622; x_wconf 77' lang='lat' dir='ltr'><strong>acl</strong></span> <span class='ocrx_word' id='word_1_247' title='bbox 1160 3570 1368 3623; x_wconf 88' lang='lat' dir='ltr'><strong>fluvium</strong></span> <span class='ocrx_word' id='word_1_248' title='bbox 1392 3572 1552 3624; x_wconf 85' lang='lat' dir='ltr'><strong>Athe-</strong></span> 
     </span>
     <span class='ocr_line' id='line_1_36' title="bbox 498 3650 1549 3714; baseline -0.003 -12"><span class='ocrx_word' id='word_1_249' title='bbox 498 3654 615 3714; x_wconf 77' lang='lat' dir='ltr'><strong>sim,</strong></span> <span class='ocrx_word' id='word_1_250' title='bbox 657 3650 959 3701; x_wconf 85' lang='lat' dir='ltr'><strong>Tridentum</strong></span> <span class='ocrx_word' id='word_1_251' title='bbox 1001 3650 1140 3701; x_wconf 88' lang='lat' dir='ltr'><strong>inter</strong></span> <span class='ocrx_word' id='word_1_252' title='bbox 1170 3656 1225 3700; x_wconf 89' lang='lat' dir='ltr'><strong>et</strong></span> <span class='ocrx_word' id='word_1_253' title='bbox 1260 3650 1549 3708; x_wconf 83' lang='lat' dir='ltr'><strong>Mantuam,</strong></span> 
     </span>
     <span class='ocr_line' id='line_1_37' title="bbox 507 3731 702 3781; baseline -0.01 0"><span class='ocrx_word' id='word_1_254' title='bbox 507 3731 702 3781; x_wconf 77' lang='lat' dir='ltr'><strong>Verone-</strong></span> 
     </span>
    </p>

    <p class='ocr_par' dir='ltr' id='par_1_10' title="bbox 500 3802 1555 3933">
     <span class='ocr_line' id='line_1_38' title="bbox 560 3802 1555 3868; baseline 0.001 -14"><span class='ocrx_word' id='word_1_255' title='bbox 560 3805 584 3839; x_wconf 62' lang='grc' dir='ltr'><strong><em>θ</em></strong></span> <span class='ocrx_word' id='word_1_256' title='bbox 617 3804 1007 3855; x_wconf 62' lang='lat' dir='ltr'><strong>Pertinacis-simo</strong></span> <span class='ocrx_word' id='word_1_257' title='bbox 1031 3802 1281 3868; x_wconf 65' lang='lat' dir='ltr'><strong>prnj&#39;ecto]</strong></span> <span class='ocrx_word' id='word_1_258' title='bbox 1329 3804 1555 3867; x_wconf 80' lang='lat' dir='ltr'><strong>Ruricio,</strong></span> 
     </span>
     <span class='ocr_line' id='line_1_39' title="bbox 500 3881 1004 3933; baseline 0.002 -3"><span class='ocrx_word' id='word_1_259' title='bbox 500 3884 611 3933; x_wconf 81' lang='lat' dir='ltr'><strong>viro</strong></span> <span class='ocrx_word' id='word_1_260' title='bbox 632 3881 1004 3932; x_wconf 78' lang='lat' dir='ltr'><strong>strenuissimo.</strong></span> 
     </span>
    </p>
   </div>
   <div class='ocr_carea' id='block_1_9' title="bbox 562 3955 1557 4023">
    <p class='ocr_par' dir='ltr' id='par_1_11' title="bbox 562 3955 1557 4023">
     <span class='ocr_line' id='line_1_40' title="bbox 562 3955 1557 4023; baseline -0.002 -15"><span class='ocrx_word' id='word_1_261' title='bbox 562 3968 584 3994; x_wconf 75' lang='lat'>0</span> <span class='ocrx_word' id='word_1_262' title='bbox 621 3958 890 4023; x_wconf 76' lang='lat' dir='ltr'><strong>Coloniam]</strong></span> <span class='ocrx_word' id='word_1_263' title='bbox 927 3957 1004 4007; x_wconf 89' lang='lat' dir='ltr'><strong>De</strong></span> <span class='ocrx_word' id='word_1_264' title='bbox 1025 3956 1118 4006; x_wconf 84' lang='lat' dir='ltr'><strong>illa</strong></span> <span class='ocrx_word' id='word_1_265' title='bbox 1136 3955 1358 4013; x_wconf 87' lang='lat' dir='ltr'><strong>colonia,</strong></span> <span class='ocrx_word' id='word_1_266' title='bbox 1388 3957 1557 4007; x_wconf 84' lang='lat' dir='ltr'><strong>Tacit.</strong></span> 
     </span>
    </p>
   </div>
   <div class='ocr_carea' id='block_1_10' title="bbox 498 4034 1554 4331">
    <p class='ocr_par' dir='ltr' id='par_1_12' title="bbox 498 4034 1554 4331">
     <span class='ocr_line' id='line_1_41' title="bbox 498 4034 1554 4100; baseline -0.002 -13"><span class='ocrx_word' id='word_1_267' title='bbox 498 4034 640 4087; x_wconf 80' lang='lat' dir='ltr'><strong>Hist.</strong></span> <span class='ocrx_word' id='word_1_268' title='bbox 664 4035 754 4085; x_wconf 87' lang='lat' dir='ltr'><strong>lib.</strong></span> <span class='ocrx_word' id='word_1_269' title='bbox 781 4048 870 4084; x_wconf 84' lang='lat' dir='ltr'><strong>ru.</strong></span> <span class='ocrx_word' id='word_1_270' title='bbox 904 4035 920 4063; x_wconf 81' lang='lat'><strong>⁴</strong></span> <span class='ocrx_word' id='word_1_271' title='bbox 944 4034 1229 4085; x_wconf 74' lang='lat' dir='ltr'><strong>Quaesitum</strong></span> <span class='ocrx_word' id='word_1_272' title='bbox 1268 4034 1407 4098; x_wconf 79' lang='lat' dir='ltr'><strong>iude,</strong></span> <span class='ocrx_word' id='word_1_273' title='bbox 1436 4050 1554 4100; x_wconf 77' lang='lat' dir='ltr'><strong>quoe</strong></span> 
     </span>
     <span class='ocr_line' id='line_1_42' title="bbox 499 4109 1552 4174; baseline -0.002 -12"><span class='ocrx_word' id='word_1_274' title='bbox 499 4111 650 4162; x_wconf 82' lang='lat' dir='ltr'><strong>sedes</strong></span> <span class='ocrx_word' id='word_1_275' title='bbox 671 4111 805 4160; x_wconf 86' lang='lat' dir='ltr'><strong>hello</strong></span> <span class='ocrx_word' id='word_1_276' title='bbox 827 4110 1107 4172; x_wconf 73' lang='lat' dir='ltr'><strong>legeretur.</strong></span> <span class='ocrx_word' id='word_1_277' title='bbox 1172 4109 1382 4158; x_wconf 85' lang='lat' dir='ltr'><strong>Verona</strong></span> <span class='ocrx_word' id='word_1_278' title='bbox 1416 4111 1552 4174; x_wconf 86' lang='lat' dir='ltr'><strong>poti-</strong></span> 
     </span>
     <span class='ocr_line' id='line_1_43' title="bbox 499 4184 1551 4252; baseline -0.003 -14"><span class='ocrx_word' id='word_1_279' title='bbox 499 4202 559 4239; x_wconf 91' lang='lat' dir='ltr'><strong>or</strong></span> <span class='ocrx_word' id='word_1_280' title='bbox 591 4188 719 4251; x_wconf 78' lang='lat' dir='ltr'><strong>visa,</strong></span> <span class='ocrx_word' id='word_1_281' title='bbox 740 4185 1034 4252; x_wconf 80' lang='lat' dir='ltr'><strong>patentibus</strong></span> <span class='ocrx_word' id='word_1_282' title='bbox 1057 4186 1250 4236; x_wconf 82' lang='lat' dir='ltr'><strong>circum</strong></span> <span class='ocrx_word' id='word_1_283' title='bbox 1270 4187 1462 4251; x_wconf 83' lang='lat' dir='ltr'><strong>campis</strong></span> <span class='ocrx_word' id='word_1_284' title='bbox 1483 4184 1551 4237; x_wconf 86' lang='lat' dir='ltr'><strong>ad</strong></span> 
     </span>
     <span class='ocr_line' id='line_1_44' title="bbox 502 4263 1550 4331; baseline -0.002 -16"><span class='ocrx_word' id='word_1_285' title='bbox 502 4276 727 4331; x_wconf 79' lang='lat' dir='ltr'><strong>pugnam</strong></span> <span class='ocrx_word' id='word_1_286' title='bbox 783 4269 1091 4327; x_wconf 79' lang='lat' dir='ltr'><strong>equestrem,</strong></span> <span class='ocrx_word' id='word_1_287' title='bbox 1147 4276 1247 4328; x_wconf 84' lang='lat' dir='ltr'><strong>qna</strong></span> <span class='ocrx_word' id='word_1_288' title='bbox 1300 4263 1550 4328; x_wconf 63' lang='lat' dir='ltr'><strong>praevale-</strong></span> 
     </span>
    </p>
   </div>
   <div class='ocr_carea' id='block_1_11' title="bbox 1629 2730 2688 4240">
    <p class='ocr_par' dir='ltr' id='par_1_13' title="bbox 1629 2730 2683 2873">
     <span class='ocr_line' id='line_1_45' title="bbox 1629 2730 2683 2797; baseline 0.005 -16"><span class='ocrx_word' id='word_1_289' title='bbox 1629 2730 1790 2782; x_wconf 85' lang='lat' dir='ltr'><strong>bant:</strong></span> <span class='ocrx_word' id='word_1_290' title='bbox 1825 2732 1978 2782; x_wconf 74' lang='lat' dir='ltr'><strong>simul</strong></span> <span class='ocrx_word' id='word_1_291' title='bbox 1999 2732 2248 2782; x_wconf 83' lang='lat' dir='ltr'><strong>coloniam</strong></span> <span class='ocrx_word' id='word_1_292' title='bbox 2273 2732 2438 2797; x_wconf 79' lang='lat' dir='ltr'><strong>copiis</strong></span> <span class='ocrx_word' id='word_1_293' title='bbox 2462 2734 2683 2786; x_wconf 80' lang='lat' dir='ltr'><strong>validam</strong></span> 
     </span>
     <span class='ocr_line' id='line_1_46' title="bbox 1630 2807 2436 2873; baseline 0.001 -16"><span class='ocrx_word' id='word_1_294' title='bbox 1630 2808 1682 2857; x_wconf 91' lang='lat' dir='ltr'><strong>in</strong></span> <span class='ocrx_word' id='word_1_295' title='bbox 1706 2822 1814 2857; x_wconf 92' lang='lat' dir='ltr'><strong>rem</strong></span> <span class='ocrx_word' id='word_1_296' title='bbox 1838 2807 2128 2873; x_wconf 78' lang='lat' dir='ltr'><strong>famamque</strong></span> <span class='ocrx_word' id='word_1_297' title='bbox 2151 2807 2436 2860; x_wconf 72' lang='lat' dir='ltr'><strong>videbant-³</strong></span> 
     </span>
    </p>

    <p class='ocr_par' dir='ltr' id='par_1_14' title="bbox 1631 2881 2686 3240">
     <span class='ocr_line' id='line_1_47' title="bbox 1695 2881 2684 2947; baseline 0.004 -15"><span class='ocrx_word' id='word_1_298' title='bbox 1695 2881 1716 2917; x_wconf 73' lang='lat' dir='ltr'>s</span> <span class='ocrx_word' id='word_1_299' title='bbox 1741 2882 2084 2947; x_wconf 73' lang='lat' dir='ltr'><strong>Pompeianus]</strong></span> <span class='ocrx_word' id='word_1_300' title='bbox 2113 2885 2301 2934; x_wconf 88' lang='lat' dir='ltr'><strong>Utrum</strong></span> <span class='ocrx_word' id='word_1_301' title='bbox 2326 2885 2586 2935; x_wconf 81' lang='lat' dir='ltr'><strong>Ruricium</strong></span> <span class='ocrx_word' id='word_1_302' title='bbox 2611 2888 2684 2936; x_wconf 88' lang='lat' dir='ltr'><strong>in-</strong></span> 
     </span>
     <span class='ocr_line' id='line_1_48' title="bbox 1634 2958 2684 3028; baseline 0.003 -19"><span class='ocrx_word' id='word_1_303' title='bbox 1634 2960 1845 3024; x_wconf 78' lang='lat' dir='ltr'><strong>telligit,</strong></span> <span class='ocrx_word' id='word_1_304' title='bbox 1871 2971 2048 3010; x_wconf 78' lang='lat' dir='ltr'><strong>narum</strong></span> <span class='ocrx_word' id='word_1_305' title='bbox 2083 2958 2223 3011; x_wconf 82' lang='lat' dir='ltr'><strong>forte</strong></span> <span class='ocrx_word' id='word_1_306' title='bbox 2252 2961 2304 3010; x_wconf 90' lang='lat' dir='ltr'><strong>in</strong></span> <span class='ocrx_word' id='word_1_307' title='bbox 2328 2961 2566 3026; x_wconf 88' lang='lat' dir='ltr'><strong>Pompeii</strong></span> <span class='ocrx_word' id='word_1_308' title='bbox 2589 2977 2684 3028; x_wconf 87' lang='lat' dir='ltr'><strong>op-</strong></span> 
     </span>
     <span class='ocr_line' id='line_1_49' title="bbox 1631 3035 2686 3100; baseline 0.005 -16"><span class='ocrx_word' id='word_1_309' title='bbox 1631 3035 1789 3100; x_wconf 82' lang='lat' dir='ltr'><strong>pido?</strong></span> <span class='ocrx_word' id='word_1_310' title='bbox 1821 3051 1885 3087; x_wconf 87' lang='lat' dir='ltr'><strong>an</strong></span> <span class='ocrx_word' id='word_1_311' title='bbox 1908 3035 2154 3087; x_wconf 87' lang='lat' dir='ltr'><strong>Carinum</strong></span> <span class='ocrx_word' id='word_1_312' title='bbox 2186 3035 2407 3088; x_wconf 78' lang='lat' dir='ltr'><strong>fortasse</strong></span> <span class='ocrx_word' id='word_1_313' title='bbox 2429 3054 2460 3088; x_wconf 89' lang='lat' dir='ltr'><strong>e</strong></span> <span class='ocrx_word' id='word_1_314' title='bbox 2492 3037 2686 3090; x_wconf 83' lang='lat' dir='ltr'><strong>familia</strong></span> 
     </span>
     <span class='ocr_line' id='line_1_50' title="bbox 1632 3111 2686 3176; baseline 0.005 -13"><span class='ocrx_word' id='word_1_315' title='bbox 1632 3112 1908 3176; x_wconf 79' lang='lat' dir='ltr'><strong>Pompeii?</strong></span> <span class='ocrx_word' id='word_1_316' title='bbox 1976 3111 2057 3163; x_wconf 82' lang='lat' dir='ltr'><strong>Au</strong></span> <span class='ocrx_word' id='word_1_317' title='bbox 2120 3113 2324 3164; x_wconf 89' lang='lat' dir='ltr'><strong>demum</strong></span> <span class='ocrx_word' id='word_1_318' title='bbox 2390 3115 2686 3168; x_wconf 83' lang='lat' dir='ltr'><strong>Constanti-</strong></span> 
     </span>
     <span class='ocr_line' id='line_1_51' title="bbox 1631 3188 1790 3240; baseline -0.025 0"><span class='ocrx_word' id='word_1_319' title='bbox 1631 3204 1751 3240; x_wconf 91' lang='lat' dir='ltr'><strong>num</strong></span> <span class='ocrx_word' id='word_1_320' title='bbox 1770 3188 1790 3236; x_wconf 87' lang='lat'>?</span> 
     </span>
    </p>

    <p class='ocr_par' dir='ltr' id='par_1_15' title="bbox 1632 3267 2687 3624">
     <span class='ocr_line' id='line_1_52' title="bbox 1698 3267 2684 3333; baseline 0.011 -21"><span class='ocrx_word' id='word_1_321' title='bbox 1698 3275 1725 3312; x_wconf 75' lang='grc' dir='ltr'><strong><em>ε</em></strong></span> <span class='ocrx_word' id='word_1_322' title='bbox 1756 3267 1977 3333; x_wconf 72' lang='lat' dir='ltr'><strong>Athesis]</strong></span> <span class='ocrx_word' id='word_1_323' title='bbox 2006 3268 2212 3319; x_wconf 75' lang='lat' dir='ltr'><strong>Fluvins</strong></span> <span class='ocrx_word' id='word_1_324' title='bbox 2233 3283 2302 3319; x_wconf 85' lang='lat' dir='ltr'><strong>ex</strong></span> <span class='ocrx_word' id='word_1_325' title='bbox 2323 3269 2510 3320; x_wconf 82' lang='lat' dir='ltr'><strong>finibus</strong></span> <span class='ocrx_word' id='word_1_326' title='bbox 2535 3273 2684 3323; x_wconf 66' lang='lat' dir='ltr'><strong>Rha·</strong></span> 
     </span>
     <span class='ocr_line' id='line_1_53' title="bbox 1633 3344 2687 3399; baseline 0.005 -5"><span class='ocrx_word' id='word_1_327' title='bbox 1633 3349 1803 3394; x_wconf 89' lang='lat' dir='ltr'><strong>torum</strong></span> <span class='ocrx_word' id='word_1_328' title='bbox 1837 3344 2140 3395; x_wconf 81' lang='lat' dir='ltr'><strong>Tridentum</strong></span> <span class='ocrx_word' id='word_1_329' title='bbox 2172 3353 2230 3395; x_wconf 90' lang='lat' dir='ltr'><strong>et</strong></span> <span class='ocrx_word' id='word_1_330' title='bbox 2268 3346 2526 3397; x_wconf 85' lang='lat' dir='ltr'><strong>Veronam</strong></span> <span class='ocrx_word' id='word_1_331' title='bbox 2556 3349 2687 3399; x_wconf 80' lang='lat' dir='ltr'><strong>allu-</strong></span> 
     </span>
     <span class='ocr_line' id='line_1_54' title="bbox 1632 3419 2687 3484; baseline 0.004 -15"><span class='ocrx_word' id='word_1_332' title='bbox 1632 3434 1744 3484; x_wconf 76' lang='lat' dir='ltr'><strong>ens,</strong></span> <span class='ocrx_word' id='word_1_333' title='bbox 1771 3426 1826 3470; x_wconf 83' lang='lat' dir='ltr'><strong>et</strong></span> <span class='ocrx_word' id='word_1_334' title='bbox 1847 3420 1901 3469; x_wconf 92' lang='lat' dir='ltr'><strong>in</strong></span> <span class='ocrx_word' id='word_1_335' title='bbox 1939 3419 2088 3470; x_wconf 87' lang='lat' dir='ltr'><strong>Mare</strong></span> <span class='ocrx_word' id='word_1_336' title='bbox 2111 3419 2434 3472; x_wconf 86' lang='lat' dir='ltr'><strong>Adriaticum</strong></span> <span class='ocrx_word' id='word_1_337' title='bbox 2470 3438 2525 3472; x_wconf 84' lang='lat' dir='ltr'><strong>se</strong></span> <span class='ocrx_word' id='word_1_338' title='bbox 2559 3438 2687 3474; x_wconf 84' lang='lat' dir='ltr'><strong>exo-</strong></span> 
     </span>
     <span class='ocr_line' id='line_1_55' title="bbox 1632 3494 2685 3564; baseline 0.007 -19"><span class='ocrx_word' id='word_1_339' title='bbox 1632 3494 2072 3559; x_wconf 78' lang='lat' dir='ltr'><strong>nerans,1&#39;Adige.</strong></span> <span class='ocrx_word' id='word_1_340' title='bbox 2136 3497 2221 3547; x_wconf 88' lang='lat' dir='ltr'><strong>De</strong></span> <span class='ocrx_word' id='word_1_341' title='bbox 2243 3512 2343 3564; x_wconf 89' lang='lat' dir='ltr'><strong>quo</strong></span> <span class='ocrx_word' id='word_1_342' title='bbox 2365 3499 2547 3564; x_wconf 80' lang='lat' dir='ltr'><strong>Virgil.</strong></span> <span class='ocrx_word' id='word_1_343' title='bbox 2569 3500 2685 3553; x_wconf 83' lang='lat' dir='ltr'><strong>AEn.</strong></span> 
     </span>
     <span class='ocr_line' id='line_1_56' title="bbox 1632 3576 1852 3624; baseline -0.005 -1"><span class='ocrx_word' id='word_1_344' title='bbox 1632 3586 1717 3624; x_wconf 79' lang='lat' dir='ltr'><strong>rx.</strong></span> <span class='ocrx_word' id='word_1_345' title='bbox 1737 3576 1852 3623; x_wconf 83' lang='grc'><strong>680.</strong></span> 
     </span>
    </p>

    <p class='ocr_par' dir='ltr' id='par_1_16' title="bbox 1631 3647 2688 4240">
     <span class='ocr_line' id='line_1_57' title="bbox 1692 3647 2686 3715; baseline 0.009 -17"><span class='ocrx_word' id='word_1_346' title='bbox 1692 3647 1718 3683; x_wconf 81' lang='lat'><strong>¹¹</strong></span> <span class='ocrx_word' id='word_1_347' title='bbox 1741 3649 2007 3700; x_wconf 72' lang='grc' dir='ltr'><strong><em>ΕυιΙιειιαίο</em></strong></span> <span class='ocrx_word' id='word_1_348' title='bbox 2017 3648 2187 3715; x_wconf 73' lang='lat' dir='ltr'><strong>copiis]</strong></span> <span class='ocrx_word' id='word_1_349' title='bbox 2209 3649 2292 3700; x_wconf 81' lang='lat' dir='ltr'><strong>Ad</strong></span> <span class='ocrx_word' id='word_1_350' title='bbox 2300 3651 2532 3704; x_wconf 82' lang='lat' dir='ltr'><strong>vehendo</strong></span> <span class='ocrx_word' id='word_1_351' title='bbox 2546 3670 2686 3706; x_wconf 86' lang='lat' dir='ltr'><strong>com·</strong></span> 
     </span>
     <span class='ocr_line' id='line_1_58' title="bbox 1633 3723 2685 3796; baseline 0.007 -21"><span class='ocrx_word' id='word_1_352' title='bbox 1633 3733 1822 3776; x_wconf 84' lang='lat' dir='ltr'><strong>meatu.</strong></span> <span class='ocrx_word' id='word_1_353' title='bbox 1852 3723 2002 3776; x_wconf 83' lang='lat' dir='ltr'><strong>Infra</strong></span> <span class='ocrx_word' id='word_1_354' title='bbox 2023 3739 2141 3792; x_wconf 86' lang='lat' dir='ltr'><strong>cap.</strong></span> <span class='ocrx_word' id='word_1_355' title='bbox 2165 3739 2335 3778; x_wconf 81' lang='lat' dir='ltr'><strong>xvm.</strong></span> <span class='ocrx_word' id='word_1_356' title='bbox 2356 3728 2423 3779; x_wconf 89' lang='lat' dir='ltr'><strong>ad</strong></span> <span class='ocrx_word' id='word_1_357' title='bbox 2445 3731 2685 3796; x_wconf 73' lang='lat' dir='ltr'><strong>Tybrim‚</strong></span> 
     </span>
     <span class='ocr_line' id='line_1_59' title="bbox 1631 3806 2685 3872; baseline 0.008 -18"><span class='ocrx_word' id='word_1_358' title='bbox 1631 3809 1648 3834; x_wconf 81' lang='lat'><strong>⁴</strong></span> <span class='ocrx_word' id='word_1_359' title='bbox 1674 3814 1732 3855; x_wconf 88' lang='lat' dir='ltr'><strong>tu</strong></span> <span class='ocrx_word' id='word_1_360' title='bbox 1771 3806 1950 3856; x_wconf 75' lang='lat' dir='ltr'><strong>Romae</strong></span> <span class='ocrx_word' id='word_1_361' title='bbox 1993 3812 2097 3857; x_wconf 72' lang='lat' dir='ltr'><strong>tum</strong></span> <span class='ocrx_word' id='word_1_362' title='bbox 2133 3806 2267 3856; x_wconf 82' lang='lat' dir='ltr'><strong>altor</strong></span> <span class='ocrx_word' id='word_1_363' title='bbox 2294 3809 2461 3872; x_wconf 78' lang='lat' dir='ltr'><strong>copiis</strong></span> <span class='ocrx_word' id='word_1_364' title='bbox 2496 3812 2685 3862; x_wconf 78' lang='lat' dir='ltr'><strong>subve-</strong></span> 
     </span>
     <span class='ocr_line' id='line_1_60' title="bbox 1631 3881 2685 3939; baseline 0.008 -8"><span class='ocrx_word' id='word_1_365' title='bbox 1631 3881 1850 3933; x_wconf 62' lang='lat' dir='ltr'><strong>hendis!</strong></span> <span class='ocrx_word' id='word_1_366' title='bbox 1881 3883 2076 3932; x_wconf 86' lang='lat' dir='ltr'><strong>Seneca</strong></span> <span class='ocrx_word' id='word_1_367' title='bbox 2091 3882 2156 3933; x_wconf 90' lang='lat' dir='ltr'><strong>de</strong></span> <span class='ocrx_word' id='word_1_368' title='bbox 2170 3881 2358 3934; x_wconf 83' lang='lat' dir='ltr'><strong>Benef.</strong></span> <span class='ocrx_word' id='word_1_369' title='bbox 2375 3891 2510 3937; x_wconf 68' lang='lat' dir='ltr'><strong>vn?-</strong></span> <span class='ocrx_word' id='word_1_370' title='bbox 2537 3889 2685 3939; x_wconf 89' lang='lat' dir='ltr'><strong>‘Nec</strong></span> 
     </span>
     <span class='ocr_line' id='line_1_61' title="bbox 1633 3957 2686 4028; baseline 0.005 -19"><span class='ocrx_word' id='word_1_371' title='bbox 1633 3957 1925 4010; x_wconf 80' lang='lat' dir='ltr'><strong>fluminibus</strong></span> <span class='ocrx_word' id='word_1_372' title='bbox 1960 3960 2153 4024; x_wconf 76' lang='lat' dir='ltr'><strong>gratias</strong></span> <span class='ocrx_word' id='word_1_373' title='bbox 2195 3960 2413 4026; x_wconf 76' lang='lat' dir='ltr'><strong>agimus,</strong></span> <span class='ocrx_word' id='word_1_374' title='bbox 2454 3965 2686 4028; x_wconf 74' lang='lat' dir='ltr'><strong>quamvis</strong></span> 
     </span>
     <span class='ocr_line' id='line_1_62' title="bbox 1635 4034 2687 4100; baseline 0.005 -15"><span class='ocrx_word' id='word_1_375' title='bbox 1635 4041 1726 4085; x_wconf 86' lang='lat' dir='ltr'><strong>aut</strong></span> <span class='ocrx_word' id='word_1_376' title='bbox 1757 4048 1941 4099; x_wconf 77' lang='lat' dir='ltr'><strong>magua</strong></span> <span class='ocrx_word' id='word_1_377' title='bbox 1972 4034 2181 4100; x_wconf 82' lang='lat' dir='ltr'><strong>navigia</strong></span> <span class='ocrx_word' id='word_1_378' title='bbox 2211 4035 2496 4100; x_wconf 86' lang='lat' dir='ltr'><strong>patiantur,</strong></span> <span class='ocrx_word' id='word_1_379' title='bbox 2528 4046 2586 4089; x_wconf 89' lang='lat' dir='ltr'><strong>et</strong></span> <span class='ocrx_word' id='word_1_380' title='bbox 2619 4040 2687 4090; x_wconf 84' lang='lat' dir='ltr'><strong>ad</strong></span> 
     </span>
     <span class='ocr_line' id='line_1_63' title="bbox 1634 4109 2688 4180; baseline 0.007 -19"><span class='ocrx_word' id='word_1_381' title='bbox 1634 4109 1990 4162; x_wconf 72' lang='lat' dir='ltr'><strong>subvehendas</strong></span> <span class='ocrx_word' id='word_1_382' title='bbox 2012 4111 2188 4175; x_wconf 79' lang='lat' dir='ltr'><strong>copias</strong></span> <span class='ocrx_word' id='word_1_383' title='bbox 2209 4113 2355 4178; x_wconf 83' lang='lat' dir='ltr'><strong>largo</strong></span> <span class='ocrx_word' id='word_1_384' title='bbox 2385 4127 2448 4165; x_wconf 89' lang='lat' dir='ltr'><strong>ac</strong></span> <span class='ocrx_word' id='word_1_385' title='bbox 2470 4117 2688 4180; x_wconf 82' lang='lat' dir='ltr'><strong>pereuni</strong></span> 
     </span>
     <span class='ocr_line' id='line_1_64' title="bbox 1631 4186 2631 4240; baseline 0.001 -2"><span class='ocrx_word' id='word_1_386' title='bbox 1631 4190 1778 4239; x_wconf 79' lang='lat' dir='ltr'><strong>alveo</strong></span> <span class='ocrx_word' id='word_1_387' title='bbox 1798 4186 2110 4240; x_wconf 58' lang='lat' dir='ltr'><strong>excurrant?</strong></span> <span class='ocrx_word' id='word_1_388' title='bbox 2626 4204 2631 4209; x_wconf 90' lang='lat'><em>·</em></span> 
     </span>
    </p>
   </div>
  </div>
 </body>
</html>
