3084 4959
507 347 684 416 1284
901 363 1087 413 vr‘rA
1132 361 1468 414 nunnmr
1516 361 1573 416 A.
1610 362 1678 415 c..
1725 365 1802 412 o..
1839 362 2319 415 scnwAnzro.

508 508 1174 588 Nebucadnezarem,
1219 506 1685 585 Alexandrum
1731 502 2081 592 Magnum,
2112 516 2229 577 aut
2267 511 2493 596 ipsum
2526 511 2704 581 Her-

507 614 730 681 culem
758 614 1019 681 referre.
1083 612 1247 679 Non
1276 613 1453 678 euim
1483 612 1841 691 rhetorem,
1872 611 1993 679 sed
2020 613 2296 680 militem
2328 616 2703 685 certissime

508 714 821 784 exhibet?
908 715 1216 801 Reliquit
1272 715 1643 781 Eumenius
1703 716 1965 800 aliquot
2020 717 2269 798 ingenii
2314 718 2421 783 sui
2468 739 2706 789 monu-

507 828 753 887 menta.
807 820 949 885 'Ex
1001 818 1443 904 Panegyricis
1493 817 1868 884 Veteribus
1920 816 1986 883 ei
2028 817 2227 889 hodie
2267 839 2312 886 a
2358 823 2705 890 nonnullis

507 928 820 1008 quatuor,
850 923 935 988 ab
965 921 1122 987 aliis
1149 921 1446 1006 quinque
1484 920 1686 985 tribui
1732 921 1970 1001 solent,
2009 939 2186 1005 quos
2232 923 2335 987 vir
2381 924 2701 993 celeberr.
2811 995 2816 1000 ,

505 1024 554 1091 J
557 1046 623 1090 o.
656 1024 970 1091 Albertus
1000 1023 1354 1089 Fabricius
1381 1023 1447 1087 in
1478 1021 1791 1108 Appeud.
1821 1023 2001 1089 Bibl.
2032 1022 2293 1091 Latinae
2325 1046 2391 1110 p.
2420 1028 2573 1093 484.
2603 1049 2705 1094 re-

506 1128 783 1204 censuit.
875 1125 943 1192 N
944 1145 1026 1191 ec
1056 1126 1230 1190 male
1257 1125 1667 1190 existimavit
1687 1125 2154 1191 Tillemontius
2174 1125 2365 1193 Hist.
2388 1127 2703 1214 Imperat.

508 1239 667 1298 tom.
700 1247 804 1294 lv.
836 1250 903 1314 p.
931 1230 1046 1295 47.
1074 1227 1496 1294 intercidisse
1523 1228 2033 1314 Panegyricum,
2055 1228 2122 1294 in
2145 1249 2284 1314 quo
2311 1231 2703 1332 Eumenius,

505 1340 579 1398 ut
605 1335 753 1417 ipse
784 1333 914 1396 sub
945 1331 1329 1415 auspicium
1366 1331 1721 1415 praesentis
1764 1330 2164 1416 Panegyrici
2207 1333 2444 1412 innuit,
2476 1334 2700 1405 Maxi..

504 1436 713 1502 miani
757 1432 1078 1499 Herculei
1124 1432 1364 1498 laudes
1408 1433 1592 1516 prius
1637 1439 2067 1516 exposuerat.
2154 1433 2417 1502 Habuit
2445 1457 2602 1505 vero
2635 1441 2699 1507 is

503 1540 675 1604 hanc
740 1536 1156 1616 Orationem,
1209 1555 1412 1620 quam
1466 1556 1638 1602 nunc
1694 1536 1954 1613 damus,
2015 1555 2242 1603 coram
2305 1538 2697 1609 Constantio

506 1639 783 1718 Chloro,
830 1658 1056 1723 quem,
1099 1637 1368 1704 dicente
1414 1637 1888 1721 Panegyrista,
1941 1639 2230 1718 stetisse,
2265 1660 2352 1709 ex
2403 1663 2553 1728 cap.
2592 1661 2697 1710 ιν.

506 1728 961 1827 intelligimus.
1049 1739 1290 1824 Neque
1319 1739 1574 1805 affuere
1605 1747 1761 1805 tunc
1798 1737 2096 1823 Augusti
2134 1742 2295 1821 duo,
2330 1739 2699 1814 Diocletia-

504 1865 635 1912 nus
664 1852 732 1910 et
759 1840 1243 1919 Maximianus,
1271 1841 1643 1926 Caesarque
1676 1841 2021 1924 Galerium
2067 1863 2343 1929 quorum
2358 1847 2599 1914 laudes
2622 1869 2699 1917 se

503 1950 573 2015 in
597 1954 931 2033 posterum
963 1953 1194 2011 coram‘
1214 1947 1681 2029 expositurum
1702 1964 1856 2010 esse
1882 1947 2208 2029 promisit.
2254 1946 2697 2034 Occasionem
2747 1982 2766 1996 ·

504 2053 660 2118 huic
693 2049 1000 2117 Orationi
1028 2047 1352 2115 habendae
1377 2046 1566 2113 dedit
1592 2047 1875 2114 victoria
1907 2045 2304 2131 Constantii,
2329 2072 2531 2136 quam
2557 2054 2696 2135 ille,

506 2155 735 2222 occiso
773 2152 1067 2231 Allecto,
1108 2157 1179 2217 et
1206 2155 1478 2235 recepta
1506 2150 1874 2223 Britannia,
1903 2168 2076 2216 anno
2109 2150 2362 2218 Christi
2392 2171 2630 2222 ccxcv
2643 2175 2697 2223 1.

504 2262 892 2344 reportarat.
980 2254 1140 2319 Non
1168 2261 1397 2319 autem
1425 2272 1705 2318 necesse
1734 2271 1887 2318 esse
1915 2258 2112 2338 puto,
2141 2261 2220 2320 ut
2243 2258 2698 2343 suspicionem

505 2359 842 2437 Rhenani,
869 2357 1045 2422 hunc
1075 2357 1297 2441 ipsum
1327 2356 1821 2441 Panegyricum
1859 2356 2256 2425 Mamertino
2286 2361 2542 2444 potiuS,
2575 2371 2698 2431 aut

506 2463 736 2547 Belgae
765 2458 1058 2539 cuidam,
1087 2477 1292 2544 quam
1330 2458 1666 2526 Eumenio
1712 2458 1888 2527 falso
1937 2460 2391 2545 attribuentis,
2421 2464 2565 2550 jam
2594 2485 2698 2533 re-

503 2564 755 2630 sellam.
