3084 4959
898 324 1463 377 PAuncvmcus.
1539 306 1689 379 Ἄτη.
1734 316 1802 379 9.
2277 315 2451 385 1561

267 475 405 561 cum
429 471 652 534 casita
678 468 1005 551 vulgaret,
1025 468 1097 533 in
1126 470 1365 555 quibus
1392 475 1468 535 tu
1497 471 1879 539 ita‘fortiter
1907 474 2125 540 multa
2152 477 2450 559 gessisti,

266 579 332 637 ut
356 591 438 636 ea
462 590 591 636 non
619 573 873 636 tantum
903 565 1310 650 Alexander,
1337 580 1455 638 ant
1481 571 1868 653 AfricanuS,
1901 582 2021 648 aut
2051 577 2453 649 Hannibale

264 673 470 739 videre
516 673 682 737 dum
722 672 1080 752 discerent,
1101 674 1229 738 sed
1275 682 1587 757 parentes
1622 683 1829 762 atque
1868 679 2291 747 institutores
2337 703 2454 749 eo-

262 780 783 860 rum-optassent
806 776 1051 855 facere,
1082 776 1239 841 dum
1270 776 1607 844 docerent.
2102 767 2107 772 ’

340 877 513 944 cip,
563 893 674 943 1X.
763 879 829 943 1.
877 876 1101 958 Quam
1149 880 1369 946 tecta'⁴
1411 887 1571 945 sunt
1608 900 1873 965 semper
1916 869 2205 952 consilia
2243 873 2452 955 fortu-

262 980 402 1048 nae!
463 979 665 1061 Quis,
696 1002 958 1065 quaeso,
990 989 1123 1048 tum
1157 983 1449 1067 publicis
1477 985 1679 1048 rebus
1714 1004 1852 1049 non
1895 994 2215 1070 putasset
2235 991 2451 1057 inimi·

264 1102 411 1149 cum
439 1088 623 1148 tuum
655 1084 842 1149 illum
872 1104 915 1149 a
942 1086 1230 1151 statione
1255 1087 1580 1150 castrensi
1605 1087 1690 1152 ad
1710 1088 2000 1171 quietem
2026 1095 2455 1176 receptum'l*

262 1186 326 1251 2.
375 1184 733 1252 Enimvero
802 1188 924 1253 illa
990 1189 1283 1254 futurum
1342 1188 1725 1272 Principem
1793 1193 2142 1259 comens⁶⁰
2198 1194 2454 1262 idcirco

162 1348 165 1351 ,
262 1288 603 1373 paulisper
652 1290 867 1355 voluit
909 1289 1060 1355 esse
1110 1290 1471 1375 privatum,
1517 1298 1616 1366 ut,
1655 1291 1819 1376 quia
1859 1291 2003 1377 jam
2052 1296 2139 1360 ad
2189 1296 2457 1379 plenum

264 1390 515 1457 bellicis
557 1393 815 1458 artibus
858 1392 1274 1471 abundabas,
1317 1412 1484 1459 usus
1522 1393 1745 1459 civilis
1783 1398 2136 1479 experiens
2173 1402 2300 1464 sub
2335 1400 2457 1465 otii

263 1499 552 1578 tempore
581 1494 982 1560 reddereris:
1026 1495 1212 1579 quod
1241 1514 1370 1578 ego
1399 1503 1591 1560 tuum
1621 1496 1831 1561 otium
1861 1498 2136 1564 aliorum
2168 1503 2460 1584 negotiis

265 1601 618 1664 anteverto.
704 1595 773 1663 3.
820 1596 890 1661 N
894 1616 981 1661 on
1026 1597 1206 1661 enim
1255 1601 1322 1660 te
1366 1615 1637 1662 amoena
1678 1598 1929 1678 littora,
1968 1620 2093 1665 nec
2138 1601 2459 1687 dispositi

263 1698 346 1763 ad
393 1707 762 1781 temporum
807 1702 1027 1765 vices}
1070 1698 1359 1764 habuere
1404 1718 1739 1776 secessuS,
1784 1701 1905 1765 sed
1950 1703 2096 1768 sive
2139 1710 2210 1769 tu
2253 1705 2459 1787 agris,

264 1799 406 1865 sive
437 1800 707 1884 oppidis
736 1806 1001 1884 tempus
1030 1800 1266 1879 dabas,
1297 1820 1432 1865 rem
1464 1805 1534 1880 et
1560 1795 1809 1867 famam
1840 1805 2095 1885 pan‘ter
2135 1807 2458 1889 augebas.

264 1900 353 1968 Et
379 1904 448 1967 in
475 1904 754 1968 urbibus
783 1904 1056 1988 quidem
1077 1903 1375 1969 omnium
1399 1910 1674 1968 aetatum
1697 1905 2133 1991 ordinumque
2150 1907 2460 1976 homines

263 2004 369 2076 his
396 2012 512 2070 aut
538 2006 678 2071 illis
698 2006 1044 2072 beneficiis
1069 2005 1668 2091 apprehendebasf
1695 2007 2062 2074 amicorum
2085 2012 2463 2094 commoda,

264 2108 644 2182 absentium
694 2111 963 2191 negotia
1012 2107 1434 2190 assiduitate,
1487 2108 1801 2186 consilio,
1852 2129 1925 2175 re
1967 2113 2286 2197 juvabas.
2390 2116 2459 2179 4.

261 2210 310 2275 J
315 2230 420 2275 am
459 2211 520 2276 si
558 2211 924 2296 placuisset
961 2210 1217 2296 oppida
1258 2229 1406 2274 rure
1449 2216 1752 2289 mutare‚¹’
1790 2219 1861 2278 ut
1898 2219 1972 2279 tu
2003 2216 2158 2279 vitae
2201 2216 2458 2284 oblitus

263 2315 532 2380 urbanae
571 2316 1018 2399 exequebaris
1052 2313 1457 2397 agricolam?
1542 2311 1773 2381 Audio
1804 2318 2031 2397 etiam,
2065 2319 2460 2402 imperator,

262 2423 327 2481 et
374 2417 603 2497 credo,
654 2437 843 2503 saepe
893 2418 1125 2502 aliqua
1167 2423 1229 2481 te
1270 2417 1572 2481 laborum
1622 2418 1746 2482 tibi
1791 2418 2219 2503 injunxisse,¹
2260 2428 2330 2487 et
2376 2442 2461 2487 ne

265 2521 687 2586 contraheres
727 2521 1029 2605 corporis
1061 2527 1422 2598 veternum,
1457 2520 1924 2603 cujuscemodi
1956 2542 2223 2607 semper
2253 2543 2464 2606 opere

309 2658 358 2723 ’ὅ
381 2688 538 2744 Quam
556 2685 772 2739 occulta!
855 2685 876 2722 ἢ
891 2687 1225 2752 Imperatorem
1245 2687 1405 2735 sedulo
1422 2700 1677 2736 exornans.
1754 2686 1779 2730 ἰ
1801 2688 1903 2737 Pro
1923 2690 2077 2740 variis
2096 2690 2467 2755 tempestatibus.

334 2752 362 2814 ,Β
397 2754 508 2803 Tibi
528 2753 873 2817 obsfflngebm.
1134 2750 1151 2786 ⁸
1181 2752 1386 2815 Aliquid
1402 2751 1578 2816 laboris
1599 2752 1691 2802 tibi
1709 2755 1950 2808 sumsisse.

1180 2886 1546 2918 oeoeee'eeeeee

332 2981 469 3032 Cur.
493 2995 573 3033 ix.
619 2985 653 3031 2
687 2988 703 3014 ⁴
721 2982 851 3045 Leg.
872 2986 1206 3032 commutans.
1236 2981 1470 3030 Fortuna
1491 2980 1697 3029 occulto
1721 2978 1934 3042 consilio
1966 2979 2267 3043 Principem
2291 2982 2470 3033 molie-

264 3047 454 3098 batur)
486 3047 629 3098 Acid.
686 3054 701 3077 ⁴
720 3049 937 3097 Minime
959 3047 1319 3096 solicitandum
1343 3054 1423 3097 est
1447 3046 1573 3095 illud
1596 3062 1779 3095 comens
1792 3062 1815 3104 3
1836 3045 2012 3108 lepida
2035 3047 2171 3095 enim
2203 3048 2467 3111 metapho-

262 3129 342 3175 ra,
367 3110 788 3163 accommodatur
823 3112 891 3173 ei,
926 3113 1013 3177 qui
1052 3113 1282 3175 impensa
1316 3126 1441 3160 cura
1470 3120 1698 3169 ornatur,
1721 3122 1780 3162 ut
1803 3112 2052 3175 exemplis
2072 3111 2270 3176 aliquot
2295 3115 2467 3176 palam

262 3177 370 3229 feci
412 3180 463 3228 in
518 3181 706 3242 Suspp.
761 3176 988 3228 tibenin!
1033 3178 1180 3228 (ἔνια.
1237 3176 1467 3241 Guelph.
1508 3181 1774 3226 comem—3
1809 3176 2035 3240 Guelph.
2077 3176 2182 3225 sive
2222 3178 2469 3241 opibus.—

262 3248 294 3295 4
327 3242 527 3294 ‘Audio
558 3242 728 3306 etiam]
761 3244 936 3294 Credo
967 3243 1052 3292 hic
1091 3258 1184 3309 pro
1218 3244 1377 3303 etiam,
1415 3243 1687 3305 legendum
1715 3241 1870 3299 enirm·
1904 3250 1960 3291 et
1994 3243 2166 3292 solent
2196 3245 2351 3308 vulgo
2384 3244 2468 3294 11ae

264 3310 541 3373 particulae
564 3310 705 3360 inter
727 3324 782 3357 se
805 3310 1108 3373 permutari,
1143 3307 1487 3359 scribentium
1513 3308 1747 3357 incuria!
1776 3306 1956 3372 Scheff.
2009 3307 2172 3371 aliqua
2191 3323 2244 3357 re
2263 3311 2469 3359 laborem

262 3374 387 3425 eod.
411 3376 582 3426 Livin.
601 3376 739 3426 unde
761 3375 850 3426 ille
869 3375 1007 3440 conj.
1031 3375 1193 3441 aliqua
1214 3380 1263 3425 te
1284 3389 1338 3424 re
1357 3363 1601 3425 laborem)
1631 3371 1766 3425 Cod·
1798 3371 1992 3424 Scheff.
2025 3374 2188 3424 Audio
2218 3376 2366 3425 etiam
2388 3407 2403 3424 .
2427 3406 2444 3423 .

1264 3499 1479 3554 NOTAE

331 3605 374 3632 ¹²¹
394 3598 675 3664 .H‹mnibc1]
710 3600 1023 3652 Hamilcaris
1061 3601 1213 3663 filius,
1241 3616 1333 3651 no·
1405 3598 1493 3649 ubi
1528 3612 1716 3648 annum
1754 3596 1922 3647 ferme
1953 3596 2210 3660 integrum
2234 3593 2471 3658 privatus

266 3688 592 3737 vempannos
630 3684 801 3741 natus,
837 3694 867 3727 a
911 3685 1061 3743 petre
1099 3678 1203 3730 aris
1243 3677 1333 3726 ad·
1405 3677 1561 3741 vixit,
1593 3678 1758 3727 donec
1796 3691 1828 3725 a
1859 3674 2119 3726 Gratiano
2141 3673 2260 3722 inde
2284 3672 2353 3723 ad
2376 3673 2471 3724 im·

259 3758 467 3817 motus,
502 3752 677 3802 odium
709 3754 761 3804 in
801 3754 1065 3805 Romanos
1107 3767 1335 3819 perenne
1405 3754 1540 3818 perii
1561 3756 1870 3807 societatem
1895 3759 2168 3802 revocatus
2193 3757 2296 3798 est.

249 3827 480 3892 juravit,
496 3829 690 3883 exinde
711 3831 879 3880 socius
900 3841 955 3881 et
978 3831 1125 3889 miles
1148 3830 1199 3880 in
1222 3844 1335 3880 cns·
1466 3839 1499 3867 θ
1528 3830 1753 3895 Gemens]
1786 3830 1871 3882 An
1890 3826 2100 3880 conans?
2133 3836 2192 3879 ut
2211 3827 2321 3878 vnlt
2338 3827 2470 3882 Bar-

262 3904 363 3952 tris
384 3902 505 3955 fuit.
570 3905 735 3955 Plura
756 3905 877 3957 vide
899 3907 1037 3973 apud
1064 3907 1128 3958 A.
1148 3908 1334 3958 Victo·
1407 3893 1541 3959 thius¹
1568 3906 1849 3957 Adversar.
1874 3919 2032 3957 xxxv.
2055 3909 2104 3955 2.

259 3993 399 4028 rem.
1467 3992 1495 4027 v
1532 3984 1725 4048 Oppida
1777 3998 1888 4034 rure
1940 3979 2149 4044 mutare]
2198 3981 2393 4032 Horat.
2425 3994 2471 4032 1.

329 4062 358 4089 ¹·
398 4056 552 4106 Tuum
572 4056 832 4122 receptum]
855 4057 1102 4125 Intelligo
1116 4058 1183 4109 de
1205 4065 1335 4109 tem·
1409 4060 1518 4111 od.
1555 4064 1639 4127 17.
1664 4060 1680 4089 ‘
1700 4061 1871 4111 Velox
1901 4073 2158 4117 amoenum
2196 4072 2335 4122 saepe
2373 4058 2471 4108 Ln-
2524 4073 2531 4082 *

260 4145 400 4198 pore
423 4148 526 4199 quo
551 4132 875 4186 Theodosius
897 4136 1073 4186 statim
1097 4152 1126 4186 a
1150 4150 1337 4201 paren·
1407 4137 1647 4190 cretilem
1670 4138 1848 4188 Mutat
1869 4139 2056 4202 Lycaeo
2075 4133 2320 4201 Faunus,'
2339 4137 2443 4186 ὅτε.

261 4208 341 4258 tis
388 4224 522 4262 nece
562 4211 618 4262 in
662 4211 972 4279 Hispaniam
1015 4228 1072 4266 ee
1116 4214 1340 4280 recepit,
