3084 4959
976 687 1107 754 DE
1159 683 1617 753 AUCTORE
1667 681 2309 767 PANEGYRICI,

876 849 968 898 m*
996 849 1148 900 ouo
1181 848 1542 900 'rampone
1574 846 1672 898 Ac
1704 846 1900 899 Loco
1934 847 2258 900 HAnrrus
2289 847 2419 899 srr.

1404 1058 1512 1123 [Ex
1535 1059 1638 1109 Ed.
1658 1059 1887 1125 Πάρι]

593 1262 897 1330 liuius
930 1262 1269 1329 Orationis
1296 1270 1534 1327 auctor
1562 1268 1666 1328 est
1696 1262 1977 1327 Latinus
1998 1261 2307 1328 Pacatus
2330 1263 2743 1348 Drepanium,

538 1383 676 1431 non
707 1367 946 1444 Italus,
975 1373 1095 1430 aut
1124 1365 1417 1448 SiculuS,
1448 1374 1527 1429 ut
1568 1366 1793 1450 inepte
1821 1364 2095 1449 quidam
2134 1366 2581 1449 suspicantur,
2612 1368 2742 1432 sed

538 1470 813 1535 natione
841 1468 1102 1548 Gallus,
1136 1477 1207 1534 ut
1253 1475 1538 1552 apparet
1579 1487 1669 1532 ex
1717 1469 1966 1550 Paneg.
2003 1487 2158 1551 cap.
2188 1467 2295 1532 24-
2342 1468 2584 1536 ‘Unde
2609 1471 2739 1552 igi·

539 1585 654 1639 tur
680 1570 946 1645 ordiar‚'
987 1573 1204 1656 inquit
1229 1569 1555 1650 Pacatus,
1603 1575 1622 1608 ‘
1640 1571 1771 1634 nisi
1803 1591 1845 1635 a
1874 1570 2009 1635 tuis
2037 1591 2184 1635 mea
2214 1570 2442 1637 Gallia
2470 1571 2665 1637 malis
2680 1570 2740 1637 ‘l'

537 1675 770 1761 Patria
816 1675 1330 1757 Burdegalensis
1374 1674 1518 1752 fuit,
1563 1679 1642 1739 ut
1683 1672 1876 1738 Elias
1903 1671 2195 1738 Vinctus
2243 1677 2313 1738 in
2351 1674 2734 1744 Ausonium

538 1785 732 1844 notat
779 1797 866 1843 ex
899 1777 1160 1861 Paneg.
1190 1797 1341 1861 cap.
1376 1794 1459 1842 11.
1507 1778 1624 1842 ubi
1670 1777 1850 1842 idem
1891 1775 2189 1842 Pacatus
2211 1777 2737 1862 Transalpinam

535 1901 611 1946 se
663 1881 856 1960 dicit,
899 1890 968 1946 et
1020 1897 1108 1947 ex
1156 1882 1396 1946 ultimo
1454 1880 1832 1947 Galliarum
1891 1899 2197 1945 recessu-z
2248 1881 2452 1960 ‘Qua
2506 1881 2739 1961 littus,’

533 1982 770 2068 inquit,
816 1986 838 2019 ⁴
859 1986 1101 2049 oceani
1151 1983 1491 2048 cadentem
1541 1985 1796 2067 excipit
1848 1984 2086 2060 solem,
2133 2003 2216 2048 ac
2262 1984 2735 2051 deficientibus

534 2086 728 2151 terris
773 2087 1024 2153 sociale
1065 2088 1380 2152 miscetur
1425 2085 1871 2151 elementum?
1953 2086 2292 2151 Praeterea
2318 2086 2450 2152 fuit
2479 2088 2544 2152 ei
2575 2107 2734 2153 cum

531 2189 843 2256 Ausonio
873 2189 1354 2272 Burdegalensi
1383 2179 1622 2271 magna
1651 2189 2088 2266 familiaritas,
2119 2190 2233 2274 qui
2261 2177 2415 2253 eum
2439 2210 2738 2274 procon-

532 2293 740 2356 sulem
769 2297 902 2357 non
931 2311 1061 2357 uno
1091 2293 1157 2356 in
1183 2291 1336 2357 loco
1365 2292 1688 2374 appellat,
1717 2291 1988 2376 ipsique
2022 2292 2342 2356 nonnulla
2373 2294 2732 2376 opuscula,

532 2399 604 2459 ut
648 2394 1174 2478 Epigrammata,
1235 2392 1495 2458 Ludum
1543 2393 1961 2476 Sapientum,
2007 2394 2620 2478 Technopaegnion,
2663 2403 2736 2462 et

529 2496 1343 2579 Grammaticomastigem
1389 2496 1752 2579 inscripsit.
1842 2495 2150 2560 Eundem
2197 2496 2517 2561 eximium
2568 2499 2733 2582 poi}-

529 2609 667 2666 tam
701 2600 1003 2684 appellat
1031 2598 1231 2683 Idyll.
1268 2615 1396 2662 vil.
1484 2597 1740 2661 Tamen
1767 2603 1981 2662 utrum
2013 2599 2188 2662 idem
2218 2599 2418 2663 fuerit
2442 2620 2591 2664 cum
2616 2621 2731 2681 eo,

530 2705 727 2790 cujus
760 2709 995 2768 extant
1039 2701 1325 2779 Psalmi,
1357 2700 1745 2785 Hymnique
1796 2701 2077 2785 aliquot,
2109 2721 2189 2766 ac
2233 2701 2366 2766 alia
2410 2704 2730 2785 carmina,

529 2814 601 2868 et
643 2805 715 2870 in
759 2806 846 2870 iis
897 2804 1207 2889 Epistola
1254 2804 1574 2885 Elegiaca
1623 2801 1707 2866 ad
1756 2799 2414 2885 Augustodunensem
2459 2807 2730 2888 episco—

528 2927 714 2991 pum,
761 2907 1023 2974 dubitat
1065 2907 1241 2973 idem
1292 2907 1479 2971 Elias
1529 2906 1816 2970 Vinetus
1860 2907 1932 2970 in
1979 2902 2385 2971 Ausonium.
2477 2907 2730 2972 Noster

527 3030 691 3074 vero
750 3010 994 3075 Petrus
1059 3011 1452 3075 Franciscus
1498 3006 1874 3073 chiffletius
1928 3009 1998 3072 in
2050 3008 2339 3073 Paulino
2386 3008 2725 3075 illustrato

524 3122 725 3195 negat
780 3113 955 3177 hunc
1019 3113 1345 3178 Pacatum
1404 3120 1706 3177 nostrum
1769 3110 2053 3176 eundem
2113 3112 2324 3175 fuisse
2381 3117 2584 3197 atque
2633 3114 2724 3188 is,

526 3216 642 3298 qui
672 3213 756 3277 ad
787 3213 1113 3278 Uranium
1147 3215 1451 3279 scribens
1495 3214 1571 3279 S.
1615 3213 1884 3278 Paulini
1918 3213 2121 3278 vitam
2165 3214 2728 3291 vincta-numeris

526 3315 821 3380 oratione
853 3317 1246 3400 scripturum
1278 3337 1352 3381 se
1381 3325 1752 3402 receperat.
1841 3317 1980 3381 Sed
2009 3318 2180 3381 hunc
2213 3315 2534 3382 Pacatum
2566 3340 2725 3383 nos-

522 3424 628 3483 tro
657 3418 866 3481 tribus
896 3423 961 3481 et
989 3419 1426 3501 quadraginta
1458 3421 1651 3486 annis
1681 3421 2011 3504 juniorem
2044 3420 2138 3485 ait
2167 3420 2252 3483 ad
2283 3439 2482 3502 quem
2526 3420 2727 3505 Sym-

524 3519 801 3585 machus
851 3520 1052 3585 mittit
1095 3519 1472 3605 Epistolam
1518 3521 1625 3587 12.
1673 3523 1788 3587 lib.
1845 3538 2010 3587 vul.
2057 3528 2124 3587 et
2171 3522 2300 3607 Ep.
2345 3522 2453 3587 58.
2498 3531 2565 3587 et
2609 3524 2724 3591 69.

521 3623 641 3688 lib.
680 3639 792 3687 ix.

607 3726 1074 3791 Pronuntiatus
1125 3719 1227 3791 est
1276 3727 1388 3793 hic
1443 3727 1900 3812 Panegyricus
1948 3749 2057 3793 an.
2111 3687 2360 3793 Christi
2413 3745 2722 3793 cccxm.

375 3859 402 3880 -ν
520 3828 886 3893 secundum
918 3829 1301 3894 Haloandri
1334 3832 1663 3909 rationes3
1711 3833 1795 3896 ad
1829 3831 1993 3895 Kal.
2036 3832 2416 3914 Septembr.
2464 3839 2540 3897 ut
2584 3843 2723 3899 tra-

521 3931 620 3996 dit
666 3929 1101 3997 Marcellinus
1144 3931 1432 4014 Comes3
1478 3933 1743 4009 Romae,
1778 3955 1911 4018 quo
1954 3935 2233 3999 relatam
2281 3936 2365 3998 de
2411 3935 2720 4000 Maximo

521 4041 802 4117 tyranno
834 4035 1175 4102 victoriam
1224 4037 1680 4120 gratulaturus
1727 4057 1764 4101 e
1809 4036 2036 4102 Gallia
2082 4039 2330 4101 missus
2379 4045 2554 4119 erat3
2601 4059 2714 4103 co-

519 4155 659 4199 ram
715 4136 1132 4221 imperatore,
1195 4161 1389 4224 quem
1449 4141 1856 4224 compellare
1933 4150 2333 4224 praesentem
2392 4141 2713 4223 videtur3

521 4244 865 4321 spectante
893 4250 1146 4322 senatu,
1176 4250 1251 4309 ut
1275 4245 1425 4329 ipse
1457 4246 1553 4310 ait
1582 4244 1979 4330 Panegyrici
2005 4243 2202 4328 hujus
2229 4243 2443 4309 initio.
