3084 4959
446 343 621 411 1230
1334 361 1517 412 vri-A
1571 362 1930 412 nummu.

446 525 555 571 me
590 509 802 572 totum
831 504 1166 571 transtulit
1205 507 1452 589 pietas·
1483 553 1500 569 .
1537 555 1555 572 .
1591 553 1607 569 .
1637 506 1952 573 Ceterum
1980 506 2168 591 quod
2211 508 2296 575 de
2340 510 2653 577 omnibus

444 608 674 674 liberis
703 607 871 687 dixi,
898 609 1039 675 lata
1068 614 1195 688 est,
1225 607 1627 692 Imperator,
1656 611 1954 677 ambitio.
2001 610 2259 678 Praeter
2285 613 2462 676 enim
2491 613 2654 678 illos

444 711 740 796 quinque
768 730 941 795 quos
969 712 1196 794 genui,
1226 711 1431 776 etiam
1472 712 1634 776 illos
1680 732 1975 790 numero,
2007 733 2183 799 quos
2236 716 2521 799 provexi
2565 715 2653 780 ad

445 812 716 877 tutelam
746 813 901 892 fori,
947 813 1037 879 ad
1072 812 1297 879 officia
1326 812 1618 898 palatii.’

532 912 695 992 Quo
723 933 898 979 anno
925 923 1123 980 natus
1156 916 1268 991 sit,
1300 922 1371 980 et
1401 935 1540 1002 quo
1585 915 1829 983 obierit
1869 916 2196 982 incertum
2240 922 2369 983 est.
2454 917 2657 983 Certe

443 1013 630 1078 haud
661 1014 1021 1082 admodum
1059 1015 1377 1101 juvenem
1430 1037 1586 1082 eum
1631 1018 1846 1083 fuisse
1886 1026 2151 1102 oportet
2195 1037 2369 1084 anno
2398 1019 2654 1086 Christi

440 1115 593 1182 296.
616 1123 759 1185 tum
791 1137 941 1183 cum
963 1119 1113 1184 haec
1144 1119 1330 1184 dicta
1359 1121 1735 1198 est-oratio,
1765 1120 2102 1205 siquidem
2132 1121 2278 1205 ejus
2307 1121 2489 1187 filius
2509 1122 2653 1206 jam

441 1224 588 1284 tum
637 1220 1102 1303 magistratum
1162 1223 1438 1304 gerebat
1480 1221 1996 1304 amplissimum.
2085 1222 2174 1288 Et
2217 1223 2388 1288 Pan.
2423 1241 2557 1289 vu.
2587 1226 2653 1290 1.

442 1325 465 1355 ‘
493 1322 789 1386 subitam
821 1321 1090 1387 dicendi
1136 1321 1539 1388 facultatem
1562 1320 1583 1348 '
1623 1327 1829 1406 negat
1875 1324 2057 1390 bene
2099 1325 2233 1390 sibi
2274 1328 2659 1406 convenire,

440 1424 562 1507 qui
607 1427 630 1457 ‘
662 1421 904 1489 mediae
959 1423 1182 1490 aetatis
1234 1425 1528 1511 amplius
1587 1443 1723 1490 non
1778 1425 2004 1493 esset.’
2089 1425 2184 1491 Et
2234 1446 2387 1511 cap.
2438 1444 2654 1494 xxu.

438 1534 684 1609 optans
713 1532 790 1591 ut
831 1523 1326 1591 Constantinus
1357 1525 1928 1608 Augustodunum
1972 1528 2350 1612 aliquando
2380 1531 2649 1598 veniat:

437 1635 460 1667 ‘
490 1630 624 1696 Sed
654 1629 874 1708 enim,'
914 1630 1157 1715 inquit,
1205 1634 1228 1664 ‘
1260 1630 1397 1695 ista
1438 1629 1737 1697 felicitas
1768 1628 2039 1712 viderit,
2080 1650 2169 1699 an
2215 1633 2436 1700 adhuc
2481 1654 2652 1701 meae

439 1730 766 1797 debeatur
798 1731 1041 1799 aetati?
1241 1728 1246 1733 '

524 1834 842 1914 Quatuor
899 1853 992 1900 ex
1048 1835 1159 1899 his
1204 1833 1530 1907 Veterum
1579 1834 2023 1919 Panegyricis
2067 1833 2400 1921 Eumenio
2442 1837 2653 1903 tribui

437 1938 699 2003 solent:
733 1936 1059 2016 Quartus,
1089 1956 1288 2020 quem
1315 1958 1441 2022 pro
1474 1937 1924 2003 restaurandis
1956 1936 2422 2003 AEduensibus
2454 1939 2657 2004 scho-

433 2039 523 2104 lis
554 2037 1032 2123 Augustoduni
1086 2038 1268 2103 dixit
1314 2058 1547 2104 coram
1594 2039 1742 2105 viro
1790 2039 2315 2123 perfectissimo,
2357 2039 2490 2106 hoc
2522 2049 2652 2120 est,

436 2158 661 2205 coram
693 2139 1166 2224 Lugdunensis
1195 2140 1434 2225 primae
1467 2139 1786 2225 praeside,
1828 2142 2070 2224 opinor
2115 2140 2535 2221 Rictiovaro,
2577 2149 2653 2209 ut

432 2241 504 2306 in
543 2243 724 2308 notis
766 2242 1104 2308 ostendo:
1152 2262 1329 2309 anno
1375 2242 1530 2309 296.
1577 2250 1656 2309 ut
1705 2248 1986 2327 apparet
2031 2262 2123 2308 ex
2170 2243 2650 2327 imperatorum

433 2343 918 2429 Caesarumque
948 2345 1255 2411 victoriis
1280 2365 1437 2431 quae
1473 2366 1536 2412 c.
1570 2360 1746 2410 xxt.
1778 2345 2335 2429 perstringuntur,
2358 2365 2657 2431 quaeque

432 2446 503 2512 in
534 2447 716 2512 hunc
746 2451 1000 2512 tantum
1032 2467 1278 2513 annum
1308 2448 1547 2513 cadere
1574 2451 1884 2532 possunt,
1934 2453 2013 2512 ut
2061 2448 2127 2512 in
2172 2448 2652 2531 imperatorum

432 2547 852 2614 Diocletiani
910 2555 980 2616 et
1036 2549 1449 2617 Maximiani
1505 2551 1728 2634 Augg.
1782 2558 1848 2618 et
1905 2549 2290 2616 Constantii
2355 2550 2651 2616 Caesaris

437 2651 606 2719 Vita
633 2652 1021 2720 observavi.
1084 2653 1402 2732 Quintus,
1434 2672 1632 2738 quem
1658 2653 1973 2718 Treveris
1996 2672 2223 2718 coram
2257 2650 2658 2719 Constantio,

436 2754 713 2822 Caesare
754 2761 835 2819 ut
864 2775 952 2820 ex
980 2755 1236 2839 Paneg.
1267 2775 1421 2841 cap.
1457 2772 1565 2822 ιν.
1595 2762 1831 2841 patet:
1879 2759 1902 2789 ‘
1926 2755 2271 2821 Habenda
2321 2760 2426 2821 est
2474 2756 2650 2821 ratio

430 2857 755 2942 temporis
787 2856 1061 2923 Caesare
1094 2863 1313 2925 stante
1343 2859 1503 2924 dum
1533 2856 1913 2942 loquimur.'
1970 2858 2263 2923 Duobus
2291 2854 2655 2940 Augustis,

433 2965 504 3026 et
530 2959 810 3025 Galerio
846 2959 1120 3025 Caesare
1149 2962 1561 3041 absentibus,
1581 2967 1657 3027 ut
1685 2961 2107 3027 manifestum
2139 2967 2247 3025 est
2275 2977 2364 3025 ex
2388 2979 2548 3044 cap.
2576 2978 2648 3026 v,

429 3063 807 3128 ubi‘eornm
838 3062 1164 3146 praeclare
1190 3070 1376 3148 gesta
1402 3066 1852 3150 perstringens
1879 3085 1897 3131 ι
1925 3069 1946 3100 ‘
1967 3063 2147 3129 Haec
2179 3061 2377 3141 aliis}
2399 3062 2651 3146 inquit,

431 3166 456 3201 ‘
479 3163 838 3230 celebrabo
870 3167 1317 3249 temporibus,
1340 3168 1429 3233 iis
1459 3169 1657 3253 ipsis,
1679 3169 1799 3254 qui
1821 3185 2116 3251 gessere,
2138 3166 2587 3250 praesentibus
2610 3163 2652 3231 ε’

432 3264 566 3330 sub
590 3263 794 3329 finem
825 3265 979 3329 anni
1024 3264 1271 3334 Christi
1314 3269 1472 3334 296.
1513 3273 1674 3354 post
1718 3272 2022 3336 occisum
2067 3267 2431 3345 Allectum,
2457 3286 2650 3332 recu-

435 3371 841 3451 peratasque
888 3366 1303 3443 Britannias,
1346 3378 1501 3435 ante
1543 3371 1980 3456 Lingonicam
2027 3369 2399 3435 Constantii
2441 3368 2649 3433 victo-

434 3468 631 3547 riam,
662 3466 750 3533 de
784 3487 920 3554 qua
966 3471 1240 3536 verbum
1285 3473 1544 3537 nullum
1584 3481 1733 3539 est:
1778 3493 1930 3539 cum
1971 3471 2438 3537 Maximianus
2470 3468 2654 3552 Aug.

435 3570 717 3638 Mauros
776 3579 1213 3658 oppugnaret.
1320 3572 1731 3659 Quanquam
1791 3575 1968 3640 hunc
2027 3572 2332 3638 nonnulli
2358 3584 2365 3597 ¹
2389 3572 2648 3638 incerto

435 3674 713 3752 auctori,
790 3679 860 3739 et
931 3674 1301 3741 Rhenanus
1370 3674 1787 3743 Mamertino
1854 3683 1971 3741 aut
2035 3675 2268 3756 Belgae
2346 3674 2652 3758 cuipiam

435 3777 752 3857 'ascribit3
803 3776 1091 3842 fortasse
1122 3777 1303 3862 quod
1346 3777 1555 3864 hujus
1597 3779 1997 3866 Panegyrici
2036 3783 2271 3843 auctor
2301 3777 2414 3841 diu
2438 3797 2514 3841 se
2556 3777 2651 3841 si·-

432 3878 651 3944 luisse
698 3879 893 3944 initio
944 3880 1127 3958 dicit,
1179 3900 1334 3945 cum
1382 3886 1607 3946 tamen
1661 3882 2029 3948 Eumenius
2080 3882 2209 3946 hoc
2263 3879 2419 3965 ipso
2470 3898 2647 3945 anno

436 3981 932 4065 Panegyricum
960 3981 1246 4063 dixerit3
1291 3989 1434 4049 tum
1465 3985 1629 4068 quia
1657 3983 1955 4050 habitam
1988 4005 2030 4050 a
2062 4004 2135 4049 se
2163 4000 2392 4048 coram
2415 3980 2649 4047 Maxi-

433 4084 662 4149 miano
690 4084 1053 4149 orationem
1084 4084 1204 4162 ait,
1237 4105 1392 4169 quae
1428 4106 1561 4151 non
1604 4094 1816 4153 extat.
1905 4086 2040 4153 Sed
2091 4093 2161 4150 ut
2200 4084 2378 4149 hunc
2431 4090 2497 4149 et
2544 4104 2647 4148 se-

436 4193 719 4272 quentes
749 4185 924 4253 duos
955 4186 1420 4272 Panegyricos
1457 4189 1788 4257 Eumenio
1828 4191 2138 4269 tribuam,
2169 4185 2336 4253 facit
2364 4191 2433 4253 et
2461 4186 2645 4251 simi·
