3084 4959
864 377 971 428 An
1019 374 1474 427 uAMBRTnu
1523 374 2163 426 GENETHuAcuu.
2445 356 2621 427 1183

395 520 645 590 stantio
702 520 964 587 Caesari
1022 519 1231 599 dioto,
1261 539 1420 604 cap.
1451 535 1562 585 ιν.
1622 539 1760 585 nou
1816 519 2025 600 alios,
2084 519 2216 585 nisi
2247 511 2620 588 Diocletia-

392 644 552 693 num
580 632 654 690 et
679 624 1199 702 Maximianum,
1234 623 1552 706 designat
1578 623 1684 687 his
1712 623 1972 689 verbis:
2018 627 2038 659 ‘
2059 623 2150 688 Et
2174 642 2341 688 sane
2371 632 2618 707 praeter

396 748 596 794 usum
640 747 1004 811 curamque
1046 725 1467 810 reipublicae,
1512 727 1720 790 etiam
1765 726 1883 790 illa
1927 724 1973 792 J
1980 725 2130 790 ovis
2173 730 2243 790 et
2285 725 2618 792 Herculis

395 837 691 913 cognata
732 831 1064 914 majestas
1106 829 1176 893 in
1203 827 1249 895 J
1254 830 1412 894 ovio
1442 829 1922 912 Herculeoque
1951 829 2375 912 principibus
2408 831 2652 906 totius,

395 934 632 1024 mundi
673 933 1190 1018 coelestiumque
1217 952 1436 998 rerum
1467 932 1977 997 similitudinem
2005 931 2439 1015 requirebat!
2524 933 2620 999 Et

400 1037 488 1101 de
531 1037 637 1102 his
680 1035 879 1100 etiam
908 1036 1206 1120 loquitur
1235 1036 1552 1100 Lactant.
1582 1034 1666 1098 de
1697 1035 2039 1098 Mortibus
2069 1034 2617 1116 Persecutorum,

400 1157 558 1221 cap.
592 1154 693 1202 m.
740 1140 762 1174 ⁴
799 1137 932 1202 Ubi
964 1144 1123 1202 sunt
1147 1136 1354 1201 modo
1382 1136 1743 1219 magnifica
1769 1136 1886 1200 illa
1908 1143 1980 1200 et
2007 1136 2191 1200 clara
2220 1155 2342 1220 per
2378 1145 2618 1221 gentes

396 1239 756 1305 Joviornm
794 1247 863 1304 et
895 1239 1377 1305 Herculiorum
1408 1239 1838 1323 cognomina,
1868 1257 2023 1322 quae
2052 1240 2340 1322 primum
2369 1260 2416 1306 a
2445 1241 2621 1308 Dio-

401 1342 572 1406 clete
603 1363 688 1408 ac
721 1341 1155 1407 Maximiano
1186 1343 1557 1407 insolenter
1586 1348 1912 1418 assumta,
1944 1360 2027 1406 ac
2059 1343 2489 1424 postmodum
2528 1344 2619 1410 ad

399 1463 839 1509 successores
893 1464 1121 1509 eorum
1170 1446 1499 1510 translata
1550 1444 1894 1527 viguerunt
1914 1442 1966 1506 ‘t'
2064 1442 2336 1528 Nempe
2383 1446 2619 1512 horum

399 1546 776 1612 imitatione
837 1548 1038 1611 etiam
1095 1547 1400 1630 posthaec
1451 1544 1775 1612 Galerius
1829 1544 2300 1610 Maximianus
2360 1546 2619 1628 Caesar,

398 1668 598 1730 gener
625 1649 1065 1726 Diocletiani,
1087 1647 1375 1729 Jovius3
1422 1654 1492 1713 et
1518 1645 1957 1712 Constantius
1988 1666 2070 1712 ac
2103 1645 2614 1730 Constantinus,

398 1751 624 1834 generi
653 1750 1089 1830 Maximiani,
1116 1750 1422 1816 Herculii
1453 1749 1621 1815 dicti
1652 1754 1833 1814 sunt.
1930 1748 2191 1827 Taceo,
2222 1749 2378 1815 hinc
2407 1754 2617 1817 etiam

397 1852 696 1919 Romam
736 1853 987 1919 dictam
1029 1872 1183 1919 esse
1214 1858 1237 1889 ‘
1265 1851 1709 1919 Herculeam'
1750 1859 1822 1917 et
1851 1857 1873 1888 ⁸
1895 1851 1941 1916 J
1947 1853 2172 1917 oviam
2193 1850 2213 1878 ’
2241 1853 2427 1935 apud
2461 1854 2616 1921 Ma·

398 1961 592 2021 mert.
638 1955 892 2039 Paneg.
929 1957 1175 2041 priore,
1219 1977 1375 2041 cap.
1422 1970 1606 2021 xm.
1649 1956 1817 2021 item
1863 1955 2120 2020 ‘Iovia
2165 1962 2237 2020 et
2285 1955 2620 2022 Herculia

401 2057 703 2122 auxilia’
727 2059 911 2142 ap'ud
939 2057 1210 2125 Victor.
1241 2058 1323 2123 de
1349 2057 1608 2124 Caesar.
1640 2078 1795 2142 cap.
1830 2072 2133 2121 xxxlx.
2180 2062 2201 2092 ‘
2228 2057 2510 2123 Jovias'
2550 2065 2621 2126 et

394 2157 795 2237 ‘Herculias
817 2150 1158 2240 cohorte-51⁶
1177 2161 1363 2245 apud
1380 2159 1624 2244 Veget.
1647 2160 1817 2226 1.l7.
1836 2166 1908 2226 et
1928 2157 2274 2224 Ammian.
2299 2158 2616 2229 Marcell.

405 2275 615 2326 xxu.
651 2262 716 2326 1.
743 2265 872 2328 διο.
943 2261 1124 2328 Vide
1153 2262 1516 2347 Spanhem.
1551 2262 1836 2327 Dissert.
1870 2278 2014 2327 xu.
2039 2261 2283 2347 p.497.
2349 2260 2619 2340 Quodsi

399 2362 572 2429 Aur.
618 2363 907 2445 Victori,
958 2365 1006 2429 l.
1051 2386 1112 2430 c.
1154 2365 1325 2431 fides
1375 2365 1710 2444 habenda,
1766 2364 2241 2431 Diocletianus
2289 2363 2508 2444 Jovii,
2551 2370 2621 2431 et

400 2464 870 2533 Maximianus
914 2468 1221 2535 Herculii
1266 2487 1640 2551 cognomen
1688 2467 1778 2533 ab
1828 2467 2105 2532 assiduo
2157 2468 2337 2531 cultu
2381 2466 2619 2532 horum

400 2569 775 2649 numinum,
806 2569 1087 2636 ‘Iovis'
1109 2576 1174 2635 et
1197 2569 1608 2647 ‘Herculis,’
1627 2571 2041 2636 invenerunt.
2090 2573 2110 2603 ⁸
2131 2567 2368 2646 Huic,'
2391 2569 2618 2634 Maxi·

401 2671 658 2749 miano,
691 2673 932 2757 inquit,
964 2677 986 2708 ⁴
1008 2680 1251 2757 postea
1290 2675 1481 2739 cultu
1518 2673 1816 2738 numinis
1860 2671 2171 2737 Herculii
2213 2689 2616 2753 cognomen-

403 2779 544 2838 tum
604 2775 941 2857 accessit3
1002 2777 1107 2841 uti
1163 2775 1446 2842 Valerio
1505 2776 1970 2854 Diocletiano,
2028 2771 2355 2839 Jovium!
2467 2773 2619 2840 Nee
2712 2796 2719 2801 ·
2831 2799 2834 2804 ’

399 2894 598 2960 nego,
627 2876 773 2941 fieri
814 2879 1148 2961 potuisse,
1178 2884 1256 2944 ut
1298 2878 1366 2944 hi
1404 2879 1852 2964 Imperatores
1876 2880 1963 2943 ab
1992 2877 2190 2942 initio
2220 2877 2619 2958 cognomina

402 2979 539 3044 ista
568 2981 894 3045 traxerint
924 3000 965 3044 a
996 2981 1185 3048 cultu
1215 2982 1539 3047 Deorum.
1584 2994 1603 3020 ‘
1624 2981 1925 3061 Quidam
1955 2978 2177 3057 enim,'
2206 2980 2424 3061 inquit
2445 2978 2616 3044 Lae-
2742 3018 2771 3046 0

401 3086 566 3146 tant.
600 3098 704 3143 vr.
736 3083 802 3147 6.
834 3087 855 3117 ‘
885 3084 1082 3147 etiam
1129 3084 1471 3167 probitate
1517 3083 1676 3149 ficta
1718 3084 1898 3147 viam
1941 3081 2073 3146 sibi
2111 3079 2199 3145 ad
2238 3081 2618 3163 potentiam

401 3183 737 3262 muniunt,
768 3184 1165 3268 faciuntque
1195 3187 1432 3264 multa,
1457 3204 1614 3271 quae
1645 3185 1803 3250 boni
1833 3179 2094 3248 solent.'
2159 3180 2322 3265 Ipse
2347 3200 2617 3265 quoque

406 3285 849 3350 Mamertinus
877 3291 1132 3365 noster,
1165 3286 1470 3353 Genethl.
1502 3306 1661 3370 cap.
1696 3302 1801 3349 vl.
1831 3285 1997 3348 mire
2026 3284 2372 3366 utriusque
2402 3284 2617 3367 pieta-

401 3392 536 3451 tem
580 3387 854 3453 laudat:
901 3392 922 3422 ‘
952 3386 1383 3468 Sanctiores,'
1425 3389 1673 3472 inquit,
1720 3392 1741 3422 ‘
1769 3385 1964 3452 Deos
2004 3385 2269 3451 fecistis
2304 3385 2621 3469 exemplo

402 3495 652 3554 vestrae
696 3490 1187 3555 venerationis:
1233 3509 1409 3555 nune
1450 3493 1630 3555 enim
1673 3507 1832 3556 vere
1874 3489 2178 3553 homines
2217 3488 2616 3569 intelligunt,

401 3610 716 3674 quaenam
761 3597 1075 3675 potestas
1120 3591 1445 3666 Deorum,
1492 3612 1646 3658 cum
1690 3599 1833 3659 tam
1875 3592 2178 3675 impense
2226 3591 2532 3654 colantur
2575 3606 2620 3655 a

399 3692 644 3758 vobis?
729 3693 1126 3759 Har-doinus
1169 3694 1422 3760 Select.
1469 3694 1678 3777 Oper.
1720 3712 1877 3778 pag.
1917 3693 2076 3756 444,
2119 3692 2443 3776 opinatus
2486 3700 2614 3767 est,

399 3796 592 3862 hisce
632 3797 902 3863 duobus
946 3795 1279 3879 Augustis
1305 3797 1351 3862 J
1358 3796 1498 3862 ovii
1530 3803 1601 3862 et
1631 3795 1944 3861 Herculii
1975 3794 2248 3859 nomina
2278 3792 2367 3858 ad
2398 3794 2618 3878 desig-

399 3898 668 3964 nandas
697 3900 1059 3984 primarias
1087 3918 1315 3965 eorum
1340 3902 1621 3966 virtutes
1651 3918 1807 3964 esse
1838 3897 2178 3980 ascripta;
2226 3904 2615 3980 propterea,

401 4000 583 4084 quod
624 4002 818 4078 alter,
849 4001 1322 4067 Diocletianus
1362 4021 1628 4085 nempe,
1658 3999 1980 4080 eonsi1i03
2026 4000 2221 4075 alter,
2258 3998 2618 4063 Maximia-

402 4123 553 4183 nus,
607 4102 1019 4184 fortitudine‚
1072 4104 1552 4187 rempublicam
1618 4104 1819 4168 tutati
1870 4102 2022 4166 sint.
2131 4098 2232 4166 At
2276 4101 2616 4166 enimvero
