3084 4959
534 329 709 398 1422
939 372 952 387 .
1177 344 1491 395 menam
1543 344 2089 396 muneramus

534 493 705 558 banc
735 490 891 577 ejus
915 489 1336 558 formidinem
1366 483 1830 575 protegebant.
1876 488 2035 556 Non
2064 487 2240 555 e‘nim
2269 510 2346 556 se
2376 488 2738 573 imbellem,

539 595 661 660 sed
709 595 1003 672 beatum,
1044 612 1174 660 non
1214 594 1510 672 inertem,
1548 593 1670 659 sed
1711 613 2020 660 securum
2050 594 2271 659 videri
2296 594 2592 671 volebat.
2674 597 2743 661 6.

538 696 836 776 Quoties
874 697 1122 763 milites
1148 697 1221 761 in
1248 697 1640 762 concionem
1669 698 1988 777 vocabat,
2031 715 2107 762 se
2153 696 2371 761 solum
2410 717 2561 761 cum
2599 697 2737 764 iuis

535 795 1031 885 imperatorem,
1059 799 1233 864 alios
1286 819 1403 884 per
1452 799 1707 865 limites
1755 820 1882 883 pro
1934 818 2009 865 se
2054 799 2339 864 militare
2381 798 2740 883 jactabat!

538 903 888 983 Fruimini‚
929 904 1175 981 aiebat,
1213 901 1564 989 dissipate,
1609 903 1966 989 prodigite.
2054 901 2233 969 Haec
2277 910 2423 967 erat
2460 903 2734 968 misero-

535 1027 683 1073 rum
711 1007 936 1073 brevis
965 1012 1035 1073 et
1064 1006 1326 1072 caduca
1354 1006 1675 1074 felicitas,

621 1109 800 1175 cm».
847 1126 983 1176 xv.
1052 1111 1116 1178 l.
1159 1109 1268 1175 Ac
1311 1130 1399 1174 ne
1443 1115 1584 1175 tum
1629 1109 1925 1194 quidem,
1953 1128 2108 1176 cum
2148 1113 2252 1173 tot
2294 1106 2584 1173 adversa
2624 1127 2733 1173 su·

534 1232 723 1279 orum
753 1214 988 1300 praelia
1015 1213 1477 1299 comperisset,
1507 1214 1779 1279 obviam
1811 1213 1910 1278 ire
1941 1217 2228 1278 conatus
2262 1217 2369 1275 est
2408 1210 2498 1275 ad
2535 1212 2735 1276 resis-

538 1314 831 1394 tendum,
882 1321 959 1382 ut
1017 1315 1195 1381 Padi
1244 1316 1511 1395 limite‚¹’
1561 1322 1685 1382 aut
1729 1315 2071 1401 Apennini
2117 1313 2307 1400 jugis
2361 1319 2653 1379 uteretur
2678 1314 2739 1377 εἰ

537 1419 659 1485 sed
682 1421 935 1499 literas,
966 1420 1421 1487 calamitatum
1450 1439 1723 1485 suarum
1753 1420 2038 1496 indiceS,
2063 1419 2550 1504 supprimebat.
2618 1418 2735 1483 In-

535 1522 795 1589 terdum
821 1525 1025 1589 etiam
1054 1525 1305 1608 palam,
1333 1528 1406 1588 ut
1434 1542 1650 1608 usque
1678 1522 1762 1589 ad
1788 1527 2018 1608 portas
2041 1522 2392 1597 veniretur,
2417 1521 2736 1605 optabat:

536 1640 671 1691 non
697 1626 1109 1710 intelligens,
1139 1626 1556 1711 majestatem
1586 1626 1772 1691 illam
1804 1626 2013 1705 urbis,
2037 1645 2192 1711 quae
2219 1624 2480 1708 pridem
2506 1623 2737 1688 admo-

538 1735 650 1794 tos
690 1728 1072 1795 exercitusq
1116 1730 1595 1808 solicitaverat,
1632 1728 1778 1813 jam
1826 1729 2096 1811 flagitiis
2138 1728 2364 1812 ipsius
2408 1725 2735 1791 deforma-

538 1839 703 1910 tam,
733 1838 800 1899 et
837 1830 1110 1898 sedibus
1146 1833 1292 1896 suis
1318 1833 1612 1917 pulsam,
1641 1831 1729 1897 ad
1761 1840 1885 1897 tua
1912 1831 2174 1898 auxilia
2201 1829 2560 1896 transisse:
2610 1847 2736 1894 nec

538 1933 700 1999 ullis
737 1936 1037 2020 praemiis
1074 1956 1282 2019 posse
1322 1935 1681 2019 corrumpi,
1712 1954 1886 2020 quos
1922 1935 2069 2014 tibi,
2100 1939 2343 2019 praeter
2375 1930 2734 1998 liberalita-

537 2042 672 2102 tem
714 2042 919 2116 tuam,
949 2044 1019 2105 et
1064 2040 1468 2105 sacramenti
1509 2037 1736 2118 fidem,
1765 2045 1868 2104 tot
1904 2026 2334 2104 victoriarum
2374 2036 2600 2118 gloriae
2635 2031 2737 2098 di-

537 2140 924 2207 cavissent}
1009 2139 1077 2205 2.
1123 2139 1298 2219 Quis
1326 2140 1503 2206 enim
1532 2141 1748 2220 mileS,
1781 2143 1898 2226 qui
1936 2140 2139 2207 ductu
2169 2148 2373 2224 atque
2403 2137 2733 2223 auspiciis

603 2323 631 2358 Ᾱ
663 2324 729 2374 Se
748 2340 891 2376 mm
917 2325 1104 2389 pariter
1123 2330 1169 2377 et
1192 2325 1301 2376 illos
1321 2326 1627 2391 imperatores
1644 2341 1766 2384 esse,
1780 2326 1900 2376 alios
1919 2326 1972 2375 in
1980 2325 2165 2392 finibus
2182 2341 2273 2392 pro
2289 2340 2342 2376 se
2360 2339 2494 2374 arma
2502 2321 2655 2384 ferre.

606 2389 626 2422 ί
660 2391 727 2439 Ut
752 2391 878 2441 Padi
902 2391 1101 2440 liberum
1121 2393 1398 2455 transitum,
1420 2399 1467 2443 et
1488 2393 1848 2456 Apenninorum
1866 2393 2095 2442 montium
2115 2393 2327 2442 haberet.

597 2452 621 2494 J
656 2455 788 2511 Quos
833 2470 929 2506 non
961 2461 1147 2506 tautum
1182 2455 1447 2508 liberalitas
1486 2464 1572 2508 tua
1605 2462 1654 2508 et
1687 2457 1978 2508 sacramenti
2009 2457 2179 2520 religio
2212 2457 2305 2507 tibi
2346 2455 2619 2512 addixerat,
2655 2452 2739 2503 sed

538 2520 683 2570 etiam
699 2520 861 2584 gloria
882 2536 945 2572 ea·
968 2527 1041 2573 tot
1060 2522 1277 2574 victoriis
1297 2529 1447 2575 tecum
1465 2524 1652 2574 relatis.

1452 2649 1811 2673 oenoe-9000„

540 2747 678 2811 quie
698 2749 835 2813 conj.
854 2747 1077 2800 Livineii
1099 2748 1266 2800 edidit
1286 2752 1465 2801 urbem.
1529 2751 1548 2781 ‘
1569 2750 1704 2802 Voc.
1722 2750 1844 2800 bene
1866 2747 2020 2800 deest
2040 2747 2093 2798 in
2109 2747 2285 2798 Moerl.
2299 2745 2455 2808 bene,
2472 2745 2526 2794 ni
2548 2742 2739 2795 fallor)

538 2814 827 2877 &egen—6
849 2816 969 2866 Vet.
992 2816 1217 2867 Puteau.
1238 2832 1343 2866 cum
1375 2818 1472 2866 ictis
1491 2817 1794 2880 imperatore.
1860 2815 2010 2873 Mox,
2043 2815 2168 2865 alios
2187 2827 2272 2878 per
2298 2812 2476 2863 utiliter
2493 2809 2733 2859 Rhenan.

538 2878 613 2928 Η.
638 2879 820 2941 Stepb.
844 2880 1011 2930 Rivin.
1032 2883 1098 2931 al.
1124 2889 1252 2931 vett.
1299 2897 1386 2945 per
1406 2882 1583 2931 milites
1606 2882 1751 2931 delet
1774 2878 1982 2930 Acidal.
2045 2881 2061 2909 ‘
2088 2879 2194 2930 Sed
2216 2893 2322 2929 non
2342 2877 2470 2926 adeo
2494 2875 2728 2925 immedi-

540 2944 708 2994 cabile
728 2946 829 2995 boc
856 2947 1054 3009 vulnus,
1076 2954 1137 2997 ut
1157 2946 1491 2997 recidendum
1528 2946 1636 2997 sit.’
1669 2948 1856 3008 Joeger.
1896 2959 1984 3010 per
2004 2944 2182 2995 liuius
2204 2945 2269 2993 P.
2292 2943 2471 3007 steph.
2503 2941 2658 2992 Grut-
2678 2948 2736 2991 et

534 3017 761 3062 recentt.
825 3012 950 3061 Vid.
977 3012 1240 3063 Schwarz.
1264 3010 1328 3062 ad
1353 3014 1638 3077 paneg-11.
1663 3015 1713 3061 8.
1731 3016 1782 3061 9.

603 3077 740 3126 Cae.
764 3087 862 3125 xv.
913 3080 938 3127 1
963 3077 1095 3126 Edd.
1118 3086 1247 3128 vett.
1267 3079 1332 3127 ad
1350 3079 1706 3135 insistendum3
1752 3076 1870 3126 Vet.
1894 3075 2061 3125 Livin.
2081 3073 2295 3137 Cuspio.
2319 3071 2550 3122 Rhenan.
2572 3072 2636 3119 ad
2656 3084 2734 3120 re·

537 3141 816 3189 sistendm.
882 3141 1020 3193 Edd.
1043 3151 1173 3193 vett.
1210 3152 1266 3192 et
1291 3143 1357 3192 al.
1380 3152 1503 3193 ante
1527 3142 1712 3191 Arntz.
1733 3156 1839 3190 eam
1863 3141 2028 3200 Padi3
2082 3139 2206 3188 Vet-
2236 3139 2462 3188 Putean.
2483 3147 2537 3186 et
2559 3137 2736 3185 Moerl.

537 3209 594 3254 ut
616 3205 744 3254 Padi
757 3221 778 3263 ;
811 3204 1015 3255 Acidal.
1037 3209 1176 3271 conj.
1191 3209 1327 3271 quasi
1348 3208 1495 3257 Padi.
1530 3206 1698 3257 Paulo
1716 3214 1855 3270 post,
1870 3221 1963 3270 qua
1983 3204 2165 3270 pridem
2180 3204 2336 3255 Grut.
2356 3203 2522 3253 Baun.
2541 3201 2734 3250 cellar.

538 3285 679 3330 qnam
691 3270 875 3333 pridem
901 3272 1065 3322 Livin.
1081 3272 1406 3337 improbante
1421 3274 1618 3336 Jaeger.
1649 3272 1732 3336 qai
1749 3272 1935 3333 pridem
1954 3271 2187 3320 Rhenan.
2203 3269 2474 3333 H.Stepln.
2498 3267 2667 3317 Rivin.
2686 3272 2737 3315 1.

537 3349 645 3398 quae
660 3335 847 3398 pridem
869 3337 997 3388 Exc.
1025 3338 1316 3387 Schonhov.
1333 3340 1457 3387 Vet.
1481 3338 1711 3387 Putean.
1733 3337 1856 3387 Vet.
1878 3337 2048 3387 Livin-
2064 3337 2194 3385 Exe.
2219 3336 2383 3397 Lang.
2404 3334 2577 3384 Moeri.
2602 3332 2735 3381 Ber-

539 3400 635 3450 ain.
659 3400 875 3463 cuspin.
897 3401 1109 3451 Puteal.
1132 3404 1198 3452 Ρ.
1219 3402 1403 3467 steph.
1438 3404 1675 3453 Patarol.
1695 3401 1890 3466 Jaeger.
1948 3403 2162 3452 admotus
2182 3398 2302 3449 edd.
2328 3406 2458 3448 vett.
2525 3388 2736 3447 admoto·

538 3465 666 3515 Vet.
694 3465 864 3514 Livin.
888 3466 1020 3515 Exe.
1040 3468 1330 3518 Schonhov.
1352 3468 1477 3517 Exc.
1495 3469 1662 3531 Laug.
1687 3466 2124 3531 Bertin.Cuspiu.
2143 3466 2207 3516 P.
2223 3465 2405 3529 Steph-
2433 3471 2491 3513 et
2516 3470 2737 3512 recentt.

524 3530 746 3595 flagitiis
783 3532 884 3581 suis
918 3532 1093 3584 Moerl.
1117 3533 1442 3597 improbante
1465 3531 1664 3595 Jaeger.
1714 3531 1982 3594 deformata
2010 3531 2132 3582 edd.
2165 3530 2374 3580 Puteal.
2409 3529 2642 3578 Rhenan.
2666 3526 2738 3576 H.

536 3595 722 3660 Steph.
759 3595 933 3647 Rivin.
966 3603 1015 3649 1.
1063 3599 1373 3660 deformatam
1393 3599 1516 3647 Vet.
1557 3599 1782 3648 Putean.
1806 3599 1936 3647 Exc.
1978 3597 2265 3648 Schonbov.
2288 3593 2453 3645 Livin.
2482 3592 2640 3643 Grut.
2662 3600 2739 3641 -et

539 3669 764 3713 recentt.
810 3668 859 3713 et
892 3678 934 3713 s.
967 3662 1068 3714 sais
1096 3667 1367 3730 propulsam
1401 3663 1578 3713 Moerl.
1625 3664 1643 3692 ‘
1665 3677 1764 3715 nec
1797 3662 1898 3714 hoc
1934 3660 2237 3728 probabile.’
2258 3662 2544 3724 hegen—2
2569 3657 2745 3733 Lirin.

1520 3796 1744 3848 NOTAE

601 3897 627 3924 ⁶
651 3891 824 3942 Urbem
842 3890 1046 3958 [orbem]
1062 3895 1325 3961 obsederat]
1348 3895 1507 3945 Forte
1529 3895 1602 3944 le·
1673 3899 1826 3960 gusta
1845 3892 2187 3943 Taurinorum
2219 3884 2489 3946 discurrit,
2509 3884 2597 3934 ubi
2619 3884 2737 3932 Pla·

537 3968 762 4032 gendum
784 3970 964 4020 urbem.
1673 3969 1899 4021 centiam
1957 3966 2353 4029 Ferrariamque
2424 3961 2592 4011 alluit.
2672 3959 2739 4009 Iu

600 4053 627 4087 Ρ
661 4045 791 4095 Padi
810 4045 988 4109 limite]
1022 4045 1198 4097 Padus
1220 4045 1408 4098 fluvius
1430 4047 1603 4099 Italiae
1676 4044 1825 4096 Mare
1851 4043 2180 4095 Adriaticum
2203 4038 2379 4091 multis
2410 4036 2556 4087 ostiis
2577 4034 2740 4087 effun-

536 4120 810 4185 maximus‚
833 4136 897 4171 ex
921 4122 1120 4171 Vesulo
1152 4131 1325 4173 monte
1353 4124 1401 4172 in
1426 4123 1603 4174 Gallia
1672 4120 1833 4185 ditur,
1855 4123 1897 4172 le
1923 4121 2046 4171 Pau.

538 4194 816 4260 subalpina
848 4197 1041 4262 oriens,
1073 4211 1174 4247 non
1208 4198 1357 4263 longe
1390 4198 1455 4248 ab
1493 4197 1602 4249 Au·
1736 4206 1762 4241 «ι
1794 4198 2026 4250 Admota
2047 4192 2310 4257 exercitu]
2344 4192 2576 4245 Primum
2599 4204 2629 4241 a
2649 4190 2742 4240 Se.
