3084 4959
784 376 1246 427 MAxmrAno
1297 377 1389 426 m·
1443 376 2015 427 consummo.
2093 363 2289 428 vr.2.
2463 364 2639 432 1323

421 518 601 590 cresf
625 525 986 597 mutuata:
1013 528 1082 587 et
1113 522 1269 606 plus
1299 537 1501 607 quam
1532 521 1719 586 mille
1753 522 2038 590 vocibus
2071 535 2341 601 sonora,
2373 544 2633 608 percre-

417 624 619 703 bruit,
652 630 728 689 ut
757 624 1046 689 omnium
1076 624 1417 689 nationum
1453 626 2013 705 gratulationibus
2045 634 2517 694 consecretur.¹
2569 630 2636 693 4.

419 725 602 805 Quid
634 725 813 792 enim
838 726 1037 789 rebus
1066 724 1376 790 humanis
1407 727 1799 808 contingere
1830 728 2053 811 potuit
2082 735 2197 792 aut
2226 730 2525 798 nobilius
2550 729 2637 796 ad

417 828 718 913 gloriam,
745 833 859 892 aut
888 826 1140 894 certius
1170 827 1258 892 ad
1286 827 1600 906 salutem,
1623 848 1826 914 quam
1853 830 2038 912 quod
2060 831 2363 916 pristinae
2389 839 2636 898 vestrm

416 930 818 1007 concordiae,
850 936 1336 1015 perpetuaeque
1376 930 1612 1013 pietati
1657 931 1790 996 hoc
1821 949 2100 1017 quoque
2128 933 2373 1016 pignus
2402 951 2638 1002 acces-

418 1036 566 1112 sit,⁸
600 1051 1015 1098 summorum
1055 1033 1403 1098 nominum
1449 1032 1831 1114 arctissima
1862 1033 2335 1118 conjunctione
2364 1054 2637 1101 venera-

417 1136 574 1215 bile,
606 1141 678 1200 ut
717 1135 1129 1218 Imperatori
1169 1135 1371 1200 filiam
1404 1134 1842 1204 collocaverit
1874 1136 2297 1221 Imperator?
2387 1141 2454 1204 5.
2498 1138 2635 1203 Sed

416 1246 638 1305 tamen
683 1257 812 1303 nos
858 1243 1132 1321 oportet
1176 1257 1410 1303 omnes
1460 1237 1759 1304 homines
1805 1240 2221 1306 exultatione
2262 1241 2638 1324 superare,⁸

418 1345 533 1427 qui
574 1342 705 1407 hoc
749 1346 1008 1406 tantum
1053 1341 1448 1423 reipublicae
1486 1342 1733 1406 bonurn
1779 1349 2147 1426 praesentes
2188 1344 2536 1421 intuemur,
2567 1349 2637 1408 et

415 1449 570 1529 ipsa
608 1444 917 1510 vultuum
951 1450 1327 1508 vestrorum
1361 1442 1929 1527 contemplatione
1967 1446 2317 1521 sentimus,
2344 1444 2444 1510 ita
2472 1464 2636 1510 con-

415 1547 680 1614 venisse
729 1566 880 1624 vos,
925 1545 1022 1609 ita
1074 1564 1211 1609 non
1264 1546 1583 1610 dexteras
1633 1551 1910 1621 tantum,
1958 1547 2087 1612 sed
2136 1547 2339 1612 etiam
2390 1566 2634 1612 sensus

417 1657 684 1716 vestros
733 1657 1128 1732 mentesque
1163 1647 1496 1731 Junxisse,
1529 1653 1627 1724 ut,
1657 1648 1721 1712 si
1759 1646 1903 1712 fieri
1943 1650 2186 1732 possit,
2216 1650 2500 1714 transire
2533 1650 2636 1714 in·

418 1754 637 1820 vicem
664 1753 734 1817 in
764 1758 1049 1835 pectora
1075 1757 1299 1815 vestra
1325 1738 1645 1835 cupiatis.

500 1856 682 1922 CAP.
728 1873 811 1919 ιι.
885 1855 950 1918 1.
996 1852 1183 1932 Quid
1221 1854 1398 1917 enim
1432 1860 1548 1919 aut
1578 1860 1652 1918 tu
1686 1853 1908 1918 carius
1939 1853 2128 1929 dare,
2162 1857 2278 1918 aut
2301 1857 2373 1917 tu
2408 1854 2634 1919 carius

416 1958 753 2045 accipere·
774 1955 1104 2039 potuisti?
1152 1973 1309 2018 cum
1350 1953 1478 2019 hac
1515 1953 1838 2019 affinitate
1873 1962 2098 2019 vestra
2129 1963 2196 2018 et
2226 1955 2368 2033 tibi,
2398 1954 2635 2019 Maxi-.-

413 2062 658 2138 miane,
688 2079 810 2143 per
839 2077 1148 2140 generum
1168 2056 1452 2140 juventa
1484 2066 1804 2121 renovata
1836 2053 1974 2135 sit‚¹¹
2017 2063 2082 2120 et
2109 2058 2262 2135 tibi,
2295 2056 2635 2122 Constan-

415 2165 569 2240 tine,
602 2181 718 2245 per
746 2179 1046 2226 socerum
1079 2178 1327 2223 nomen
1358 2158 1809 2242 Imperatoris
1842 2159 2234 2224 accreverit.
2307 2159 2374 2224 2.
2410 2159 2631 2226 Maxi·

416 2284 563 2332 mas
594 2265 820 2347 itaque
855 2263 1069 2338 vobiS,
1099 2260 1749 2345 aeterni.Principe5‚
1783 2260 2056 2345 publico
2086 2261 2347 2324 nomine
2379 2262 2635 2343 gratias

417 2369 699 2451 agimus,
733 2363 920 2448 quod
971 2363 1432 2446 suscipiendis
1472 2363 1728 2440 liberis,
1774 2361 2635 2447 optandisque.nepotibus

420 2471 659 2548 seriem
692 2467 899 2532 vestri
930 2467 1196 2550 generis
1228 2461 1704 2552 propagando*
1737 2464 2051 2530 omnibus
2082 2465 2150 2527 in
2181 2464 2472 2532 futurum
2504 2486 2633 2532 see-

417 2571 592 2638 culis
636 2569 1031 2653 providetiS,
1074 2576 1152 2632 nt
1194 2568 1507 2633 Romana
1551 2587 1685 2646 ree,
1724 2568 1882 2631 olim
1930 2567 2218 2633 diversis
2260 2570 2634 2651 regentium

417 2675 742 2752 moribuS,
776 2671 1066 2756 fatisque
1093 2670 1383 2756 jactata,
1419 2670 1689 2736 tandem
1729 2671 2074 2754 perpetuis
2113 2668 2353 2736 domus
2390 2676 2633 2738 vestrae

477 2858 506 2882 ⁶
538 2850 601 2899 In
634 2863 970 2914 quamcumque
1000 2853 1185 2912 partem
1206 2844 1387 2912 difflua
1422 2853 1494 2898 est
1513 2848 1656 2907 sama
1690 2860 1833 2909 supra
1865 2851 2109 2911 usturam,
2135 2862 2229 2911 qua
2264 2845 2513 2897 exhibetur
2550 2847 2634 2897 nb

415 2915 572 2979 speeie
591 2915 800 2964 voluntis
816 2916 971 2964 alitis.

480 2978 504 3011 ὓ
536 2980 635 3028 Sed
656 2984 814 3029 tamen
834 2993 928 3043 par
949 2982 1019 3028 est
1039 2993 1125 3027 nos
1145 2978 1353 3026 omnium
1374 2976 1582 3026 maxime
1605 2976 1783 3027 loetan‘.

1340 3105 1430 3126 ΝΟ
1404 3105 1579 3128 ‘W‘
1581 3104 1699 3124 ‘n‘

415 3206 559 3242 cursu
594 3190 801 3241 volucris
833 3188 1058 3249 incitata,
1095 3192 1142 3237 et
1174 3188 1438 3251 plusquam,
1473 3190 1558 3251 ξε.
1626 3188 1730 3235 Pro
1768 3193 2004 3249 mutuata,
2037 3188 2216 3238 Arntz.
2250 3188 2387 3253 conj.
2422 3187 2633 3236 imitatu.

417 3258 537 3306 Vet.
561 3257 731 3306 Livin.
758 3257 969 3319 crispin.
998 3255 1059 3305 Ρ.
1081 3254 1263 3316 steph.
1289 3258 1344 3302 et
1366 3254 1525 3303 Grut.
1556 3254 1839 3314 percrebuit.
1844 3258 1938 3303 -4
1977 3254 2108 3311 Quid
2145 3253 2284 3303 rebus
2321 3255 2370 3303 h.
2401 3268 2444 3301 c.
2476 3270 2523 3314 1¹·
2555 3252 2634 3301 vel

416 3322 622 3374 nobilius
657 3321 832 3386 Gnelp
838 3321 887 3370 h.
911 3334 1220 3369 sumuwrum
1256 3322 1502 3370 numinum
1540 3317 1664 3367 V.et
1698 3319 1923 3368 Putean.
1927 3326 2023 3369 —5
2058 3320 2189 3368 Voc.
2218 3333 2376 3369 omues
2408 3319 2554 3366 deest
2580 3321 2629 3365 iu

418 3388 646 3451 Gnelph.
686 3389 855 3437 Moerl.
896 3387 1018 3436 Vet·
1056 3386 1225 3434 Livin.
1265 3384 1473 3435 Berlin.
1531 3390 1798 3448 mentesque
1838 3384 2051 3434 vinxisse
2082 3384 2314 3434 Rhenan.
2354 3383 2536 3448 steph.
2576 3389 2632 3432 et

418 3453 589 3502 Livin.
640 3467 705 3500 m.
718 3453 944 3513 junxisse
963 3453 1087 3500 vet.
1113 3451 1335 3499 Putean.
1361 3450 1564 3501 Bertin.
1586 3450 1804 3515 Cuspin.
1836 3450 2010 3500 Μαι-1.
2029 3450 2257 3516 Guelph.
2290 3449 2447 3500 Grut.
2471 3458 2525 3498 et
2552 3463 2631 3498 re-

415 3523 581 3565 centt.
633 3517 832 3565 invicem
849 3517 1035 3565 deest
1024 3530 1074 3564 ιιι
1101 3515 1325 3578 Guelph.

485 3581 623 3631 CAP.
645 3593 705 3631 u.
743 3587 767 3630 1
795 3583 917 3632 Ver.
942 3582 1165 3631 Putean.
1189 3595 1354 3630 nonem
1374 3580 1497 3643 Imp·
1498 3581 1597 3628 —2
1633 3579 1739 3629 Pro
1768 3581 2094 3644 propagando,
2116 3579 2253 3644 quod
2275 3584 2487 3627 servant
2509 3577 2632 3626 Vet.

1408 3709 1633 3760 NOTA-2
1650 3715 1686 3729 ‘

478 3800 498 3837 f
519 3801 786 3852 Discursus
802 3800 1037 3862 volueres]
1059 3800 1201 3862 Lege
1219 3813 1333 3848 cnm
1358 3798 1483 3850 Aci
1566 3798 1703 3849 enim
1743 3803 1851 3850 tum
1892 3796 2290 3861 sexagenarium
2320 3810 2510 3848 annum
2552 3802 2629 3846 at-

415 3879 574 3935 dalio,
626 3877 865 3926 Discursu
918 3876 1123 3926 colueris
1175 3875 1397 3938 incitato,
1435 3879 1483 3926 et
1567 3874 1824 3938 tingebat.

407 3960 676 4021 plusquam,
696 3957 780 4017 &a
1634 3950 1648 3984 ¹
1679 3948 2004 4014 Pmpagaendo
2041 3947 2387 4015 [prorogando]
2423 3947 2526 3999 Alii
2563 3963 2629 3998 ex

480 4042 507 4077 s
539 4033 731 4096 Pignus
749 4029 973 4095 accessit]
1006 4029 1067 4079 Id
1103 4036 1204 4094 est,
1238 4029 1482 4082 Maximi·
1566 4028 1729 4077 veteri
1769 4027 1954 4076 codice
1987 4026 2306 4089 propagando.
2388 4027 2460 4075 Et
2502 4039 2628 4074 vero

415 4112 500 4162 ani
525 4110 650 4171 filia,
676 4108 880 4159 infrac.
902 4123 989 4159 ιιι.
1024 4110 1173 4160 ‘eum
1194 4109 1260 4159 ab
1281 4123 1345 4158 eo
1369 4109 1480 4190 pig·
1564 4117 1704 4163 mox,
1742 4101 1868 4166 ‘qui
1913 4100 2243 4165 imperatoria
2286 4102 2453 4168 stirpe
2494 4116 2627 4152 rem-

414 4201 511 4237 nus
535 4188 632 4248 ipsi
654 4187 972 4237 carissimum
995 4182 1327 4250 postulares!
1561 4181 1822 4247 publicum
1842 4176 2184 4245 propagatis?

489 4261 513 4296 ¹²
527 4265 740 4315 Juvenla
763 4270 990 4316 renovata
1010 4264 1101 4329 rit]
1127 4261 1475 4314 Maximianus
