3084 4959
523 315 699 383 1552
1530 331 1714 380 vn‘rA

519 476 780 542 satione
808 481 1012 542 antea
1034 474 1333 553 laudata,
1356 476 1470 540 ubi
1500 496 1656 542 eum
1685 477 1954 542 cunctis
1982 477 2133 543 aliis
2164 475 2413 562 poetiS,
2438 477 2731 545 Marone

522 587 841 663 excepto,
871 578 1157 665 proefert.
1243 577 1560 643 Itaaenim
1591 579 1807 644 canit:

603 695 608 704 “
1939 681 2113 748 Eum

1040 782 1268 849 Pluris
1308 783 1563 849 faciunt
1602 804 1848 849 novem
1892 803 2153 851 sorores

866 887 1090 967 Quam
1133 895 1424 952 cunctos
1468 887 1666 964 alioS,
1716 887 1996 952 Marone
2039 886 2291 956 demto.

610 992 881 1072 Quanto
930 989 1253 1073 proeditus
1299 981 1499 1056 fuerit
1549 990 1834 1075 judicio,
1878 993 1986 1057 vel
2039 975 2127 1056 ex
2181 1011 2266 1057 eo
2320 990 2497 1057 scire
2542 992 2726 1073 licet,

521 1094 706 1180 quod
740 1093 1082 1157 Ausonius
1117 1112 1248 1158 non
1292 1093 1498 1158 alium
1531 1092 1837 1178 judicem
1864 1094 2184 1159 libentius
2211 1095 2280 1159 in
2314 1095 2725 1161 carminibus

520 1200 667 1265 suis
696 1195 1052 1262 censendis
1079 1196 1474 1274 adhibuerit,
1497 1197 1744 1260 nullius
1773 1197 2169 1262 sententiam
2194 1197 2570 1280 religiosius
2600 1201 2724 1263 ob-

518 1301 907 1367 servaverit.
995 1299 1210 1364 Extat
1241 1299 1324 1363 de
1356 1319 1440 1363 ea
1472 1319 1538 1363 re
1570 1298 1882 1382 Epistola
1924 1297 2219 1365 Ausonii
2265 1299 2350 1365 ad
2390 1300 2725 1366 Pacatum

520 1403 728 1487 Idyll.
758 1416 908 1466 ΧΗ.
951 1401 1256 1485 praefixa,
1296 1402 1416 1468 ubi
1466 1402 1566 1466 ita
1607 1401 1878 1467 scribit:
1924 1406 1946 1437 ‘
1980 1402 2113 1467 Sed
2144 1403 2308 1467 mihi
2339 1402 2515 1487 apud
2545 1402 2724 1467 alios

517 1526 644 1592 pro
672 1505 924 1571 laboris
955 1504 1225 1570 modulo
1256 1504 1522 1569 laudem
1553 1524 1681 1568 non
1726 1524 1935 1588 posse
1979 1505 2356 1590 procedere,
2386 1524 2584 1590 quam
2617 1515 2723 1570 ta-

519 1630 666 1675 men
718 1608 781 1673 si
829 1615 902 1672 tu
952 1607 1331 1686 indulseris;
1364 1614 1435 1673 ut
1485 1607 1584 1671 ait
1644 1605 1958 1673 Afranius
1989 1609 2058 1672 in
2089 1607 2372 1685 Thaide,
2402 1607 2722 1692 majorem

516 1711 788 1778 landem
819 1729 1024 1794 quam
1062 1710 1362 1775 laborem
1399 1707 1715 1775 invenio!
1800 1710 1890 1775 Et
1917 1731 2110 1775 mox:
2157 1715 2179 1746 ‘
2210 1710 2290 1775 Si
2330 1712 2721 1793 probantur,

518 1821 590 1879 tu
617 1814 856 1890 facieS,
883 1819 962 1877 ut
990 1813 1128 1878 sint,
1159 1809 1459 1899 aliquid.'
1544 1812 1720 1878 Item
1772 1812 1841 1877 in
1895 1815 2031 1879 alia
2072 1812 2388 1897 Epistola
2434 1812 2721 1898 praefixa

518 1914 715 1981 Ludo
748 1916 1020 1998 Septem
1048 1914 1488 1999 Sapientnm:

691 2013 873 2084 Nam
905 2010 1193 2102 primum
1217 2023 1323 2083 est
1349 2019 1683 2083 meruisse
1713 2025 1929 2097 tuum,
1959 2015 2246 2096 Pacate,
2275 2017 2594 2096 favorem,

776 2120 1103 2186 Proxima
1134 2120 1388 2186 defensi
1417 2141 1577 2186 cura
1606 2122 1886 2205 pudoris
1915 2122 2061 2187 erit.

519 2221 675 2302 Qua
738 2223 938 2288 etiam
992 2222 1061 2286 in
1107 2221 1427 2306 Epistola
1491 2229 1513 2260 ‘
1540 2223 1812 2289 doctum
1861 2224 2074 2289 virum
2097 2223 2115 2252 '
2175 2243 2325 2290 eum
2393 2222 2722 2308 appellat.

518 2325 705 2392 Idem
733 2325 799 2389 in
833 2325 1242 2391 Praefatione
1271 2325 1846 2409 Epigrammatum
1878 2327 2135 2411 Nepoti
2169 2333 2420 2411 aequat,
2451 2329 2558 2391 cui
2586 2326 2727 2392 Ca-

518 2429 729 2496 tullus
761 2428 940 2493 dono
980 2427 1164 2493 dedit
1207 2429 1504 2494 libellum
1548 2449 1766 2494 suum.
1855 2429 2147 2514 Scripsit
2176 2430 2320 2493 sine
2350 2427 2553 2494 dubio
2582 2448 2723 2495 non

516 2552 762 2617 pauca,
810 2531 932 2597 sed
974 2551 1067 2596 ex
1115 2531 1203 2596 iis
1254 2532 1437 2608 nihil,
1487 2538 1727 2615 praeter
1756 2550 1958 2597 unum
1986 2532 2498 2617 Panegyricum,
2531 2531 2720 2615 quod

516 2635 754 2713 sciam,
785 2636 983 2701 nobis
1011 2642 1392 2719 temporum
1423 2632 1669 2716 injuria
1698 2634 2024 2719 reliquum
2053 2633 2238 2700 fecit.
2313 2634 2723 2718 Suspicatur

515 2738 781 2824 quidem
830 2735 1191 2803 Acidalius
1240 2738 1440 2803 etiam
1492 2736 1667 2800 alios
1712 2756 1802 2801 ex
1844 2736 2276 2821 Panegyricis
2313 2738 2491 2802 illins
2526 2757 2718 2803 esse:

514 2847 741 2906 verum
789 2840 956 2905 mihi
1002 2861 1195 2905 suum
1247 2841 1376 2905 hoc
1410 2838 1745 2922 judicium
1797 2858 1934 2903 non
1983 2841 2244 2924 probat.
2335 2841 2578 2916 Istum,
2625 2839 2714 2904 de

509 2965 648 3029 quo
675 2964 894 3009 sermo
922 2943 1113 3008 nobis
1144 2951 1273 3021 est,
1321 2943 1527 3028 paulo
1574 2948 1728 3026 post
1774 2943 2185 3026 triumphum
2212 2943 2588 3009 Theodosii
2623 2942 2707 3006 de

516 3045 829 3111 Maximo
861 3052 1142 3130 tyranno
1190 3045 1431 3111 Romae
1464 3046 1535 3110 in
1568 3045 1891 3129 frequenti
1932 3054 2164 3111 senatu
2196 3046 2392 3112 dixit.
2482 3045 2714 3138 Causa

513 3148 643 3211 fnit
675 3148 1031 3213 admiratio
1079 3148 1394 3213 virtutum
1444 3146 1839 3226 Theodosii,
1869 3168 2020 3233 quae
2073 3148 2299 3232 ipsum
2343 3149 2430 3213 ab
2474 3148 2713 3213 ultimo

516 3249 888 3315 Galliarum
920 3269 1220 3330 recessu,
1254 3252 1433 3317 sicut
1480 3251 1633 3335 ipse
1669 3251 1988 3335 loquitur,
2022 3252 2297 3317 excivit.
2385 3250 2712 3316 Occasio-

512 3371 663 3417 nem
696 3359 764 3418 et
794 3354 1144 3417 materiam
1173 3355 1460 3420 victoria
1493 3349 1936 3439 Imperatoris
1967 3347 2053 3419 de
2082 3363 2386 3438 tyranno,
2413 3354 2708 3436 urbsque

515 3455 801 3522 liberata
826 3456 1274 3540 praebuerunt.
1363 3458 1580 3522 Porro
1612 3457 1679 3521 in
1713 3458 2015 3523 oratione
2060 3458 2213 3542 ipsa
2252 3465 2389 3521 tam
2420 3457 2717 3539 elegans,

513 3564 649 3623 tam
678 3561 891 3624 bonus
923 3564 1048 3634 est,
1084 3567 1182 3639 ut,
1212 3560 1435 3624 Plinio
1485 3566 1800 3644 excepto,
1833 3561 1900 3625 in
1929 3561 2056 3627 hoc
2086 3580 2320 3644 genere
2345 3559 2598 3624 nullum
2643 3560 2709 3623 ei

512 3662 893 3746 praeferam.
956 3664 1044 3729 Et
1071 3665 1370 3729 sentiunt
1402 3684 1663 3729 mecum
1697 3665 1997 3750 plerique
2023 3664 2151 3728 viri
2169 3664 2380 3741 docti,
2405 3683 2443 3728 e
2466 3663 2711 3747 quibus

513 3766 908 3831 nominatim
956 3767 1063 3831 hic
1095 3768 1520 3850 Scaligerum
1566 3777 1636 3834 et
1693 3769 2069 3833 Livineium
2120 3776 2190 3832 et
2235 3765 2710 3852 Dempsterum

513 3869 922 3952 compellare
967 3862 1273 3954 possum,
1302 3872 1704 3955 qui'omnes
1744 3876 1765 3905 ‘
1794 3867 2147 3954 floridum,'
2193 3872 2215 3905 ⁴
2247 3867 2714 3953 eloquentem,’

514 3980 533 4006 ‘
564 3972 834 4037 minime
892 3973 1329 4056 spernendum
1354 3972 1397 4056 3'
1475 3975 1842 4039 orationem
1904 3973 2056 4058 ejus
2118 3977 2140 4008 ‘
2171 3969 2712 4049 nobilissimam,’

513 4070 716 4137 immo
776 4079 796 4110 ‘
823 4094 959 4140 nna
1015 4077 1217 4141 etiam
1275 4084 1481 4161 atque
1539 4077 1747 4143 altera
1808 4075 2148 4141 Ciceronis
2206 4074 2712 4159 permutandam

504 4172 853 4257 judicant?
942 4177 1259 4280 Honores
1303 4181 1507 4264 gessit
1557 4185 1799 4263 praeter
1849 4180 2053 4262 alios,
2098 4197 2272 4264 quos
2317 4177 2713 4244 nominatim
