3084 4959
517 361 691 429 1604
1245 405 1250 410 -
1317 368 1588 421 nunu
1637 364 1911 420 rAcA'rr

519 520 913 589 victoriam:
972 518 1259 585 dilectas
1318 516 1391 582 in
1436 515 1737 602 praelium
1782 512 2224 578 Marcellinus
2266 511 2603 591 cohorteS,
2643 513 2713 578 et

518 629 744 713 ipsum
793 625 1105 690 factionis
1143 621 1415 688 nefariae
1464 621 1691 697 robur,
1729 618 1852 684 illa
1890 617 2053 682 belli
2097 616 2319 682 civilis
2371 616 2666 710 Megaera
2688 622 2715 649 ⁶

520 730 852 814 rapiebat,
866 735 1052 791 tanto
1075 726 1311 791 ceteris
1335 724 1738 790 satellitibus
1762 721 2140 798 audentior,
2158 725 2405 805 quanto
2425 720 2712 783 exertio-

520 852 658 897 rem
677 827 699 867 f
739 849 1012 914 operam
1042 829 1343 895 navabat
1373 836 1656 912 tyranno
1686 826 1887 891 frater
1915 825 2194 910 tyranni.
2269 824 2337 888 2.
2370 822 2531 903 Quo
2562 822 2710 906 qui-

521 936 671 1004 dem
704 934 995 997 maxime
1026 937 1180 996 tuus
1211 932 1549 1015 gaudebat
1587 929 1942 1006 exercitus,
1973 947 2124 994 cum
2157 947 2230 992 se
2256 927 2430 993 ul‘tro
2462 925 2711 992 videret

519 1037 802 1103 lacessi:
848 1035 967 1119 qui
998 1034 1160 1099 nihil
1188 1035 1403 1116 magis
1435 1034 1770 1112 timuerat,
1796 1052 1992 1116 quam
2024 1032 2274 1112 timeri3
2293 1038 2321 1076 ⁸
2357 1029 2527 1094 adeo
2559 1028 2710 1111 qui-

519 1139 692 1217 dem,
724 1147 798 1204 ut
828 1138 1067 1203 castris
1100 1137 1182 1201 ad
1216 1146 1431 1203 castra
1460 1136 1753 1214 collatiS,
1786 1135 1964 1218 quod
1996 1134 2373 1218 praecipiti‘
2429 1133 2537 1197 die
2563 1151 2712 1195 ma-

519 1264 673 1308 num
709 1260 1046 1307 conserere
1077 1260 1212 1304 non
1238 1245 1520 1325 poterat,
1567 1260 1688 1323 spe
1713 1239 2014 1304 victoriae
2047 1258 2198 1302 cum
2225 1236 2378 1301 luce
2408 1244 2710 1300 venturae

517 1344 795 1429 pervigil
837 1341 1118 1426 ageret)
1172 1342 1436 1407 tardum
1475 1342 1712 1417 solem,
1744 1341 2146 1406 desertorem
2179 1338 2378 1415 diem,
2413 1357 2711 1404 annuum

518 1448 737 1512 noctis
768 1446 1022 1512 aestivae
1056 1453 1319 1531 tempus
1359 1443 1856 1510 criminaretur-³
1938 1444 2005 1510 3.
2051 1443 2233 1508 Ecce
2262 1443 2384 1510 lux
2415 1441 2710 1518 tandem,

522 1558 592 1614 et
609 1550 754 1633 jam
784 1550 1308 1629 omnis'campus
1344 1549 1660 1614 horrebat
1688 1549 2032 1620 exercitu:
2078 1546 2279 1610 divisi
2319 1547 2384 1610 in
2414 1541 2709 1610 cornua¹¹

518 1652 803 1736 equiteS,
842 1652 1029 1715 leves
1067 1657 1220 1715 ante
1267 1651 1459 1735 signa
1490 1648 1771 1730 veliteS,³
1818 1650 2175 1735 dispositae
2204 1643 2706 1732 manipulatim}

520 1752 849 1832 cohorteS,
900 1759 969 1818 et
1014 1754 1222 1837 gradu
1260 1754 1464 1839 pleno
1493 1754 1784 1820 ferentes
1822 1755 2083 1839 agmina
2126 1751 2473 1836 quadratae
2498 1750 2710 1833 legio·

578 1914 608 1947 1
641 1904 932 1955 Inclinante.
1094 1901 1121 1935 ὅ
1153 1903 1358 1952 Noctem
1378 1909 1565 1964 ageret.

579 1968 598 2002 ί
628 1971 867 2020 AEstivum
881 1972 1063 2019 noctem
1088 1973 1349 2031 accusaret,
1369 1973 1505 2033 quasi
1527 1983 1652 2018 anno
1673 1966 1946 2040 longiorem.

1427 2098 1790 2119 “emmo

584 2182 718 2232 cu.
742 2195 918 2232 xxxv.
985 2186 1014 2230 1
1051 2180 1278 2242 Guelph.
1314 2179 1494 2229 deletas
1530 2178 1585 2227 in
1616 2180 1851 2242 praelium.
1916 2180 2063 2236 Mox,
2098 2177 2217 2228 edd.
2255 2183 2385 2227 vett.
2420 2175 2709 2227 satellitibus

517 2247 818 2303 audientiam
850 2255 906 2296 et
923 2247 997 2296 sic
1014 2247 1144 2295 Exc.
1167 2246 1454 2294 Schonhov.
1485 2251 1581 2293 sat.
1603 2245 1849 2293 audentior
1865 2246 1989 2296 Vet.
2010 2245 2235 2294 Putean.
2283 2248 2457 2307 quanto
2478 2244 2705 2291 excellen-

516 2315 686 2361 tiorem
707 2313 827 2361 edd.
852 2319 980 2362 vett.
1028 2326 1074 2374 q.
1096 2311 1431 2360 execratiorem
1454 2308 1609 2358 codd.
1631 2309 1975 2360 Schwarzian.
1998 2317 2054 2359 et
2076 2308 2302 2371 Guelph.
2350 2315 2523 2371 quanto
2543 2319 2706 2356 exser-

515 2378 684 2427 tim-em
706 2378 873 2426 Livin.
892 2386 947 2426 et
970 2376 1221 2426 Gran—2
1246 2374 1381 2424 Edd.
1405 2381 1533 2423 vett.
1566 2375 1667 2423 luce
1684 2381 1884 2425 ventura
1898 2391 1919 2435 ‚⁸
1950 2377 2075 2425 Vet.
2102 2376 2324 2425 Putean.
2355 2376 2454 2423 luce
2474 2379 2705 2422 ventur-ce.

519 2442 625 2491 Pro
643 2444 872 2505 pervigil,
895 2441 1100 2491 Puteol.
1116 2439 1384 2502 legendum
1409 2438 1628 2502 putabat
1646 2440 2066 2502 pervigilium—8
2083 2441 2214 2489 Voc.
2235 2446 2282 2489 et
2302 2441 2410 2501 jam
2440 2439 2632 2488 desunt
2654 2439 2708 2486 in

516 2507 635 2556 edd.
661 2515 789 2559 vett.
824 2509 967 2557 etiam
988 2506 1200 2557 exhibet
1217 2506 1333 2555 cod.
1352 2502 1542 2555 Scheff.
1572 2504 1724 2553 omnis
1744 2506 1893 2556 deest
1915 2507 1968 2556 in
1987 2505 2169 2556 eodem
2199 2506 2314 2555 cod.
2358 2505 2504 2555 etiam
2522 2509 2707 2568 tempus

1504 2635 1719 2686 NOTAE

577 2746 601 2773 e
627 2737 759 2787 Belli
776 2736 934 2787 civilis
955 2735 1199 2801 Megoeru]
1233 2735 1568 2786 Marcellinus

516 2815 722 2880 tyranni
756 2814 973 2863 Maximi
1016 2813 1200 2862 frater.
1264 2813 1442 2861 Altera
1481 2826 1567 2859 au-

516 2899 622 2942 tem
658 2890 877 2940 Maximi
915 2887 1090 2938 clades
1124 2889 1189 2938 ad
1225 2889 1566 2938 Petavionem

516 2967 756 3030 contigit,
780 2981 896 3016 cum
921 2980 1086 3015 caesus
1103 2972 1185 3014 est
1211 2966 1566 3026 Marcellinus,

515 3051 576 3093 ut
618 3044 832 3093 innuere
876 3042 1080 3093 videtur
1125 3040 1424 3093 Ambrosius
1463 3043 1567 3106 Ep.

516 3130 682 3167 xxtx.

580 3191 603 3224 f
651 3191 980 3255 Exertiorem]
1037 3191 1231 3242 Statius
1284 3199 1300 3222 ‘
1327 3200 1565 3241 exertum

513 3269 705 3320 bellum
725 3268 743 3293 ’
776 3269 906 3319 dicit
923 3284 1016 3333 pro
1038 3271 1054 3299 ‘
1074 3269 1291 3332 aperto-⁹
1357 3270 1459 3319 Hic
1483 3286 1567 3319 su-

514 3346 673 3394 mitur
718 3359 811 3409 pro
854 3346 870 3373 ‘
890 3343 1126 3407 acriore,'
1170 3345 1569 3395 vehementiore.

513 3422 700 3472 Exerit
739 3422 875 3471 enim
918 3435 994 3483 se,
1029 3420 1116 3485 qui
1147 3436 1321 3471 omnes
1353 3431 1568 3472 exercet

511 3512 721 3559 nervos,
754 3497 842 3563 qui
874 3495 1000 3547 nihil
1039 3496 1288 3563 relinquit
1324 3497 1566 3563 inexper-

516 3581 641 3623 tum.

576 3659 604 3695 s
642 3650 796 3706 Quam
816 3650 1002 3714 timeri]
1038 3650 1230 3701 Similis
1254 3652 1396 3701 locus
1424 3654 1566 3717 apud

515 3727 698 3777 Claud.
721 3728 883 3777 Laud.
905 3728 1144 3779 Stilicon.
1169 3743 1209 3778 1.
1231 3733 1344 3779 235.
1373 3737 1429 3779 et
1450 3735 1566 3782 240.

511 3807 527 3834 ‘
549 3806 649 3854 Res
670 3806 797 3854 mira
821 3806 1008 3867 relatu,
1028 3807 1112 3855 Ne
1135 3808 1347 3855 timeare
1368 3806 1549 3857 times!

576 3881 602 3915 ¹²
636 3883 801 3931 Divisi
820 3885 872 3931 in
889 3884 1087 3947 cornua]
1113 3884 1177 3933 In
1196 3886 1429 3934 exercitu
1451 3900 1565 3935 cor-

512 3972 616 4008 nua
644 3957 886 4007 dicuntur
909 3969 1081 4023 partes
1102 3961 1231 4009 aciei
1258 3961 1321 4010 ab
1345 3970 1564 4026 utroque

511 4035 679 4086 latere
722 4035 1089 4097 prominentes.
1147 4035 1384 4086 Alterum
1431 4037 1566 4100 ‚dex-

494 4116 650 4158 ‘trum
694 4119 792 4172 est,
835 4111 1055 4161 alterum
1098 4112 1391 4176 sinistrum3
1424 4115 1565 4179 quod

511 4184 651 4235 inter
673 4192 944 4251 utrumque
969 4186 1301 4252 interjectum
1336 4197 1436 4252 est,
1461 4206 1563 4241 me·

512 4261 602 4311 dia
625 4261 760 4312 scies
779 4260 986 4327 dicitur.

1714 2734 1730 2768 ¹
1769 2735 1970 2801 Velites]
2003 2736 2202 2786 Milites
2238 2734 2367 2786 levis
2408 2742 2703 2800 armaturas,

1649 2816 1704 2860 et
1728 2813 2080 2874 expeditiores
2112 2811 2178 2860 sd
2201 2825 2402 2861 cursum
2427 2817 2708 2875 propterea

1647 2887 1783 2952 quod
1823 2889 2154 2952 gravioribus⁶
2170 2891 2324 2954 armis
2359 2903 2458 2938 non
2494 2897 2704 2938 uteren-

1649 2973 1751 3014 tur.
1818 2965 1921 3015 Alii
1947 2967 2128 3016 velites
2162 2967 2328 3015 dictos
2352 2974 2537 3028 putant
2558 2967 2705 3030 quasi

1647 3043 1866 3101 velatos,
1906 3045 2039 3108 quod
2088 3045 2265 3093 vestiti
2310 3033 2479 3092 e‘ssent
2530 3047 2702 3107 potius

1646 3133 1797 3181 quam
1820 3121 2038 3169 armati:
2074 3120 2160 3168 alii
2177 3119 2361 3169 velites
2376 3135 2406 3168 a
2426 3119 2700 3170 celeritate

1646 3195 1814 3246 dictos
1847 3204 2050 3261 putant,
2091 3199 2236 3261 quasi
2279 3198 2480 3254 volites,
2517 3212 2545 3244 o
2580 3197 2636 3244 in
2675 3213 2704 3247 e
2750 3241 2763 3252 ,

1647 3279 1867 3322 mutato.
1935 3272 2041 3322 Alii
2067 3288 2243 3322 rursus
2265 3272 2358 3322 ἀπὸ
2377 3273 2466 3321 τοῦ
2480 3270 2707 3336 βάλλειν,

1646 3348 1960 3408 ejaculanda,
1993 3349 2126 3414 quod
2154 3350 2341 3413 jaculis
2377 3351 2704 3414 potissimum

1648 3429 1704 3471 et
1726 3421 1897 3473 fundis
1918 3434 2226 3488 pugnarent.
2278 3425 2405 3475 vid.
2423 3426 2534 3475 Liv.
2557 3426 2705 3475 Belli

1647 3501 1832 3551 Punici
1860 3502 1949 3551 lib.
1973 3516 2053 3551 vr.

1708 3577 1726 3623 J
1758 3578 2120 3644 Manipulatt'm]
2142 3579 2204 3629 Id
2222 3571 2324 3637 est,
2348 3595 2443 3646 per
2465 3581 2705 3644 manipu-

1648 3655 1742 3705 los.
1776 3661 1791 3683 ⁸
1808 3656 2107 3719 Manipulus
2123 3655 2137 3677 '
2163 3661 2355 3719 utitem,
2379 3663 2589 3705 auctore
2609 3657 2703 3706 Li-

1623 3733 1752 3794 ›vio,
1774 3732 1916 3781 leves
1939 3733 2147 3784 vicenos
2172 3734 2385 3789 milites,
2415 3734 2562 3782 aliam
2587 3741 2703 3782 tur-

1647 3807 1764 3864 bam
1796 3815 2111 3858 scutatorum
2145 3808 2387 3858 habebat.
2450 3808 2706 3874 vegetius

1647 3900 1768 3934 vero
1797 3885 1862 3934 de
1901 3886 1977 3935 Re
2004 3886 2163 3935 Milit.
2186 3885 2277 3935 lib.
2300 3900 2364 3935 ιι.
2389 3887 2567 3936 scribit
2591 3902 2709 3936 ma-

1644 3961 1878 4025 nipulum
1902 3963 2076 4011 vocari
2097 3963 2491 4011 contubernium
2515 3963 2702 4013 decem

1645 4044 1847 4087 tantum
1892 4039 2112 4088 militum
2153 4040 2247 4097 sub
2284 4054 2384 4088 uuo
2412 4041 2704 4105 eodemque

1646 4120 1789 4163 tecto
1824 4114 2142 4179 degentium.
2210 4115 2343 4166 Vide
2376 4116 2604 4181 Lipsium
2631 4118 2704 4167 de

1645 4191 1806 4242 Milit-
1831 4192 1982 4243 Rom.
2008 4192 2097 4244 lib.
2120 4205 2185 4243 11.
