3084 4959
520 341 697 410 1564
1308 353 1583 406 nunu
1630 355 1903 406 Μυκη

405 599 409 605 ἢ
523 501 983 570 babitaculum
1011 520 1139 586 pro
1166 498 1404 566 habitu
1433 517 1586 578 sno,
1613 498 1759 564 sive
1787 496 1967 564 alind
1996 513 2087 564 ex
2128 497 2336 565 altero
2362 500 2628 581 crescit,
2651 509 2724 569 et

526 625 682 671 cum
712 624 788 669 se
832 605 1027 689 paria
1058 602 1451 687 junxerunt,
1488 608 1772 685 utraque
1799 600 2057 685 majora
2088 610 2272 681 sunt,
2305 621 2578 688 parcam
2608 625 2716 671 ar·-

527 725 766 776 canum
798 707 1078 774 coeleste
1107 704 1349 771 rimari.
1434 704 1501 769 4.
1546 703 1706 770 Tibi
1743 704 1920 769 istud
1965 705 2121 770 soli·
2146 714 2394 790 pateat,
2425 705 2719 790 Impera-
2760 695 2763 700 ⁵

527 817 653 889 tor,
704 829 854 875 cum
905 810 1055 874 Deo
1106 812 1451 873 consorte⁶
1480 812 1831 874 secretum.
1921 806 2103 873 Illud
2134 808 2375 887 dicam,
2407 809 2585 893 quod
2614 810 2718 874 in-

528 912 871 1003 tellexisse
898 910 1252 989 bominem,
1282 916 1355 975 et
1382 910 1643 976 dixisse
1685 910 1795 976 fas
1835 918 1978 992 est3
2023 913 2221 977 talem
2267 931 2419 977 esse
2451 913 2721 989 debere,

527 1017 643 1099 qui
674 1035 718 1079 a
744 1014 1055 1098 gentibus
1084 1013 1413 1091 adoratur,
1443 1013 1557 1078 cui
1600 1019 1742 1079 toto
1776 1015 1943 1082 orbe
1972 1022 2290 1079 terrarum
2318 1015 2581 1099 privata
2598 1016 2721 1081 ‘vel

528 1117 806 1201 publica
851 1122 1010 1180 vota
1060 1115 1440 1194 redduntur,
1467 1134 1511 1180 a
1538 1135 1675 1201 qno
1721 1118 1891 1200 petit
1932 1117 2353 1199 navigaturus
2397 1133 2722 1195 serenum,

530 1220 1065 1305 peregrinaturus
1088 1217 1396 1298 reditum,
1429 1223 1839 1303 pugnaturus
1871 1219 2275 1303 auspicium.

617 1323 799 1389 GAP.
844 1338 979 1386 vn.
1063 1323 1129 1385 1.
1176 1320 1475 1400 Dudum,
1519 1325 1597 1385 nt
1644 1321 1864 1401 video,
1915 1321 2296 1405 dedignaris
2355 1320 2530 1386 banc
2579 1321 2723 1404 glo·

478 1468 483 1473 -
530 1425 738 1492 riam:
782 1427 907 1492 sed
944 1430 1169 1509 patere
1213 1444 1361 1489 eam
1385 1423 1411 1462 ‘¹
1453 1423 1524 1489 in
1554 1424 1830 1489 laudum
1863 1430 2126 1490 tuarum
2158 1432 2345 1508 parte
2377 1408 2723 1502 constitui,

535 1547 687 1612 quae
718 1529 974 1594 solebat
998 1528 1069 1592 in
1097 1527 1247 1592 aliis
1275 1526 1425 1590 sola
1452 1526 1731 1593 laudari.
1818 1525 2059 1591 Virtus
2101 1534 2215 1593 tua
2251 1527 2477 1591 meruit
2504 1525 2723 1609 impe-

528 1632 721 1708 rium,
744 1631 861 1694 sed
906 1629 1135 1695 virtuti
1178 1628 1438 1693 addidit
1476 1628 1693 1694 forma
1738 1627 2145 1712 suffragium.
2237 1629 2364 1693 Illa
2409 1623 2741 1712 praestitit‘

531 1741 609 1800 nt
655 1737 996 1817 oporteret
1043 1739 1114 1797 te
1160 1731 1539 1815 Principem
1582 1721 1765 1811 fieri3
1809 1731 1958 1798 baec
1998 1738 2079 1797 ut
2126 1732 2408 1797 deceret.
2494 1732 2560 1797 2.
2605 1730 2720 1795 An

532 1856 695 1903 vero
731 1837 1087 1921 quicquam
1128 1843 1443 1921 putamus
1486 1833 1557 1899 in
1600 1834 1865 1918 imperii
1908 1835 2008 1900 tui
2053 1835 2502 1900 declaratione
2544 1856 2718 1919 prae-

532 1939 818 2018 teritum,
849 1959 1004 2004 cnm
1047 1938 1312 2004 ductam
1354 1957 1504 2003 esse
1547 1939 1876 2003 rationem
1917 1939 2211 2022 ipsorum
2258 1939 2456 2003 etiam
2487 1938 2718 2003 videa-

533 2061 682 2107 mus
716 2041 1120 2107 annor·um‘!⁴³
1161 2040 1359 2127 cujus
1388 2040 1660 2127 quidem
1703 2042 1797 2106 rei
1841 2048 2027 2107 tanta
2066 2041 2197 2106 suit
2241 2060 2405 2106 cura
2447 2041 2723 2126 majori-

532 2144 688 2224 buS,
717 2150 955 2210 utnon
982 2144 1194 2210 solum
1225 2144 1292 2207 in
1322 2143 1763 2228 amplissimis
1792 2140 2321 2223 magistratibus‘
2343 2144 2720 2229 adipiscen-

535 2246 668 2325 dis,
701 2247 819 2312 sed
860 2248 929 2313 in
971 2249 1279 2331 praeturis
1310 2266 1597 2332 qnoque,
1641 2252 1760 2312 aut
1803 2246 2241 2313 aedilitatibus
2284 2246 2725 2331 capessendis

535 2354 706 2416 aetas
747 2356 1056 2433 spectata
1097 2350 1190 2415 sit
1230 2350 1610 2435 petitorum,
1648 2370 1768 2415 nec
1797 2350 2158 2435 quisquam
2203 2358 2460 2415 tantum
2492 2350 2721 2414 value-

532 2450 622 2516 rit
664 2452 1026 2527 nobilitate‚
1073 2452 1179 2516 vel
1224 2452 1454 2535 gratia,
1488 2452 1597 2517 vel
1639 2441 1955 2536 pecunia,
1983 2453 2102 2538 qui
2146 2473 2355 2518 annos
2398 2451 2724 2519 comitiali

532 2552 722 2636 lege⁸
759 2552 1188 2639 praescriptos
1231 2553 1563 2620 festinatis
1605 2553 1970 2619 honoribus
1997 2557 2369 2640 occuparit.
2453 2558 2520 2621 3.
2566 2554 2636 2619 N
2639 2571 2725 2619 ec

1447 2716 1809 2741 mm

531 2835 673 2899 paria
706 2832 1064 2895 conjunxerunt.
1126 2834 1278 2895 Mox,
1309 2849 1405 2900 pro
1442 2836 1637 2897 majora,
1670 2835 1834 2887 babet
1876 2836 2092 2900 meliora,
2121 2834 2259 2900 quod
2298 2836 2515 2900 probum
2556 2839 2730 2901 puto.’

534 2899 814 2965 &hefft—4
845 2902 861 2929 ‘
880 2899 1102 2957 Guelpb.
1137 2900 1440 2966 simpliciter
1470 2902 1555 2966 qui
1576 2901 1816 2966 gentibue,
1849 2901 2037 2952 omissa
2069 2902 2453 2967 prepositione‚
2473 2904 2581 2953 tine
2605 2918 2722 2954 sen·

537 2967 719 3015 tentiae
742 2963 966 3015 damno.'
989 2965 1160 3015 Arm.

602 3031 735 3081 Clu».
763 3043 865 3079 vu.
890 3034 914 3080 1
946 3030 1187 3080 Balduin.
1202 3030 1350 3095 legit.
1372 3048 1429 3083 ea
1448 3030 1500 3080 in
1520 3032 1748 3089 umam,-
1783 3031 1950 3081 Livin.
1973 3046 2029 3081 ea
2047 3046 2079 3080 e
2098 3046 2172 3081 nie
2192 3031 2244 3081 in
2266 3032 2471 3082 laudum.
2537 3040 2552 3062 ‘
2576 3033 2724 3096 Lege

535 3107 622 3153 ειη
655 3096 810 3144 immo
830 3095 1001 3160 potius
1018 3095 1196 3146 etiam?
1228 3097 1429 3147 Acidal.
1495 3096 1842 3153 Prometheae,
1862 3095 2020 3147 Grut.
2043 3096 2219 3147 scribit
2237 3098 2436 3147 nolebat.
2494 3098 2722 3163 Guelpb.

537 3162 697 3211 etiam
720 3176 776 3211 ea
790 3177 813 3221 ;
846 3163 963 3211 cod.
990 3160 1180 3212 Scheff.
1200 3163 1283 3212 sed
1309 3167 1475 3228 patere
1505 3177 1563 3213 ea
1583 3163 1638 3213 in
1665 3162 1990 3213 laudium—2
2022 3163 2154 3213 Exc-
2186 3162 2471 3213 Schonbov.
2501 3170 2725 3229 puerant

1530 3309 1747 3361 Nom:

536 3413 756 3480 primum
802 3410 1082 3463 observare
1127 3412 1329 3477 solitos,
1369 3422 1431 3465 ut
1481 3415 1596 3465 aliis
1665 3421 1854 3466 tuarum
1885 3422 2023 3478 parte
2054 3414 2295 3473 constitui,
2317 3430 2422 3479 quae
2440 3415 2649 3467 solebant
2668 3418 2726 3468 in

535 3488 779 3556 regendis
802 3490 889 3554 qui
926 3499 1373 3555 praeponerentur,
1407 3491 1598 3556 insigni
1664 3491 1776 3541 aliie
1814 3492 1915 3540 sola
1964 3491 2168 3540 landari.
2231 3490 2386 3543 Quod
2440 3490 2564 3543 ferri
2618 3509 2725 3545 nou

535 3577 593 3620 et
613 3569 822 3620 excelsa
856 3569 1084 3631 corporis
1106 3574 1309 3619 statura
1327 3569 1598 3633 praecelle-
1667 3575 1862 3633 potest,
1898 3568 1999 3619 nisi
2035 3583 2132 3634 pro
2167 3569 2378 3620 colebant
2412 3570 2614 3636 legetur
2648 3587 2727 3623 se·

535 3653 671 3697 rent.
736 3646 818 3696 Ex
840 3644 1063 3696 Aristor.
1086 3644 1297 3696 Politic.
1318 3645 1410 3695 lib.
1432 3659 1533 3696 vn.
1666 3645 1811 3695 lebat.

598 3730 623 3756 ⁶
660 3722 782 3780 Cum
796 3721 901 3771 Deo
914 3720 1151 3785 morte]
1187 3719 1318 3770 Cum
1341 3734 1405 3769 eo
1428 3720 1599 3784 genio,

535 3800 624 3867 qni
668 3798 893 3850 consiliis
942 3798 1044 3847 tuis
1094 3803 1304 3861 praest.
1369 3797 1597 3847 Veteres

535 3886 685 3929 erant
719 3880 773 3928 in
813 3892 877 3927 ea
915 3876 1178 3940 opinione,
1217 3890 1364 3926 suum
1400 3875 1599 3926 unicni-

536 3970 659 4021 que,
682 3953 913 4019 inprimis
934 3967 1059 4003 vero
1082 3951 1483 4017 imperatoribus
1506 3966 1595 4016 ge-

533 4034 676 4083 nium
701 4032 901 4083 adesse.

530 4136 534 4139 ·
597 4107 624 4144 ¹¹
656 4111 783 4160 Eam
813 4109 895 4174 [ea
926 4124 959 4158 a
991 4109 1089 4174 ine]
1136 4109 1222 4159 Fr.
1256 4107 1502 4159 Balduini
1539 4122 1596 4159 e·

532 4185 914 4247 mendationem
931 4199 1136 4251 sequor,
1152 4199 1268 4235 cum
1284 4185 1339 4235 in
1353 4186 1597 4236 Puteana

535 4261 765 4315 editione
786 4263 879 4329 nit,
896 4265 979 4317 red
1004 4267 1171 4328 patere
1190 4257 1295 4317 eam
1319 4264 1374 4315 in
1404 4264 1598 4316 laudm

1731 3731 1756 3758 ⁸
1781 3724 2053 3789 Annorum]
2087 3723 2404 3775 Theodosius
2425 3724 2614 3789 egebat
2637 3741 2731 3777 an·

1668 3815 1787 3852 num
1811 3805 1894 3851 ³5.
1916 3814 2031 3850 cum
2055 3793 2225 3849 factus
2253 3807 2334 3849 est
2354 3791 2640 3865 Angustus.

1730 3876 1753 3912 ί
1783 3878 1844 3927 In
1884 3875 2189 3940 amplisdmie
2226 3876 2611 3944 magistratibus]
2660 3878 2728 3930 In

1663 3954 1951 4006 consulatu.

1729 4039 1756 4075 s
1789 4028 2035 4081 comitiali
2076 4021 2204 4091 leg'e]
2241 4029 2435 4093 Legem
2469 4029 2727 4086 Annalem

1664 4106 1929 4171 intelligit,
1969 4121 2072 4170 qua
2109 4105 2377 4156 definitum
2414 4114 2496 4157 eet
2525 4108 2625 4159 ‘ab
2659 4109 2724 4160 1..

1664 4186 1827 4236 Villio
1879 4183 2087 4235 tribuno
2143 4182 2328 4249 plebis,
2383 4192 2509 4250 quot
2562 4200 2725 4237 annos

1664 4275 1918 4332 quemque
1949 4258 2310 4327 magistratum
2345 4268 2608 4330 peterent,
2644 4277 2730 4316 ea·
