3084 4959
956 310 1067 355 rr..
1116 305 1524 358 'rnnonosu
1576 304 1847 354 mom.
2322 294 2495 366 1547

385 545 474 614 A.
504 529 594 612 U.
631 545 713 614 C.
746 562 1085 612 noxum.
1175 542 1430 610 Christi
1488 558 1758 609 cccxc.
1847 543 2194 612 valentin.
2240 560 2407 612 xvr.

768 648 1112 715 Theodos.
1154 644 1328 732 Imp.
1359 662 1503 711 xn.
1590 647 1806 714 AEtat.
1839 664 2021 716 xm.

383 767 1048 836 Thessalonicenses·
1073 766 1496 832 Boterichum
1523 766 1597 832 in
1627 766 1902 852 Illyrico
1931 767 2189 833 militias
2215 767 2497 852 praefec-

301 878 442 936 tum
475 873 842 955 perimunt:
891 890 1097 954 quare
1129 870 1522 935 itaexarsit
1558 872 1922 954 imperator
1950 878 2027 935 ut
2053 870 2379 954 populum
2409 871 2497 938 ad

300 974 631 1039 circenses
672 972 873 1040 ludos
915 974 1260 1039 invitatum
1305 974 1451 1038 sine
1484 972 1873 1038 discrimine
1914 992 2036 1058 per
2072 973 2317 1040 milites
2340 993 2493 1038 eam

299 1074 391 1141 oh
421 1094 558 1140 rem
602 1076 673 1142 in
718 1075 1049 1142 theatrum
1093 1074 1430 1140 immissos
1475 1074 1565 1140 ad
1611 1082 1871 1161 septem
1915 1075 2258 1144 hominum
2285 1076 2498 1142 millia

297 1176 585 1244 interfici
619 1178 911 1263 jusserit.
1003 1178 1087 1244 Id
1135 1180 1294 1262 post
1320 1195 1576 1242 cassum
1610 1176 1981 1259 Eugenium
2012 1177 2370 1260 contigisse
2398 1177 2499 1242 ait

298 1282 488 1344 solus
513 1281 946 1350 sozomenus,
1011 1281 1113 1347 Ut
1140 1285 1215 1346 ut
1243 1289 1376 1359 est,
1397 1279 1833 1346 Theodosius
1856 1280 2198 1363 publicam
2222 1298 2497 1363 poenam

301 1383 388 1450 ab
418 1382 537 1449 illo
569 1386 951 1470 impositam
981 1385 1228 1467 insigni
1254 1384 1521 1469 pietatis
1564 1383 1882 1470 exemplo
1926 1382 2300 1479 persolvit.⁸
2350 1379 2497 1445 Ru-

301 1484 413 1549 fin.
455 1485 788 1553 Theodor.
841 1489 1111 1554 Paulin.
1162 1488 1232 1552 in
1284 1484 1453 1551 Vita
1505 1485 1577 1551 S.
1630 1483 1835 1550 Amb.
1889 1485 2206 1568 Prosper.
2289 1483 2498 1550 Galla

301 1587 669 1655 Theodosii
716 1594 963 1677 conjux
1004 1610 1127 1679 per
1155 1588 1519 1655 Arcadium
1566 1588 1941 1673 privignum
1985 1608 2181 1653 suum
2210 1586 2495 1672 ejicitur,

235 1708 241 1712 ·
301 1695 467 1758 teste
494 1690 876 1760 Marcellin.

381 1877 474 1942 A.
506 1877 595 1944 U.
626 1878 705 1945 C.
738 1895 1065 1946 Mcxmv.
1154 1878 1400 1945 Christi
1444 1893 1744 1946 cccxci.
1819 1876 2162 1946 Valentia.
2207 1893 2409 1944 xvn.

736 1980 1104 2049 Theodosii
1138 1982 1312 2067 Imp.
1348 1997 1527 2046 xm.
1601 1981 1817 2047 AEtat.
1848 1997 2070 2046 xnvr.

389 2100 856 2166 ‘Theodosius
903 2122 1054 2170 cum
1100 2111 1327 2167 cetera
1375 2101 1602 2166 omnia
1648 2100 1972 2184 praeclare
2021 2099 2499 2183 dispensasset,

299 2202 492 2268 urbis
521 2206 1060 2287 gubernationem
1088 2204 1577 2270 Valentiniano
1607 2204 1901 2288 reliquit.
1974 2202 2143 2267 Inde
2173 2221 2324 2268 cum
2353 2201 2498 2267 filio

299 2306 677 2394 (Honorio)
730 2308 1385 2393 Constantinopolim
1448 2309 1580 2376 iter
1631 2308 1845 2392 capit,
1901 2325 2119 2390 eoque
2180 2304 2498 2374 adventat

296 2410 537 2477 iisdem
584 2412 882 2478 Tatiano
934 2412 1473 2498 symmachoque
1524 2431 1710 2482 coss.
1760 2426 1861 2478 w.
1924 2411 2091 2480 Idus
2145 2406 2505 2476 Novemb.’

300 2512 426 2584 Ita·
442 2516 677 2582 scribit
705 2516 1048 2582 Socrates.

389 2707 477 2774 A.
496 2707 591 2775 U.
610 2709 690 2775 G.
721 2726 1016 2774 mcxcv.
1096 2710 1350 2776 Christi
1383 2726 1721 2776 cccxcn.
1802 2708 2147 2774 Valentia.
2178 2723 2412 2772 xvru.

732 2812 1104 2880 Theodosii
1134 2813 1316 2899 Im'p.
1349 2829 1518 2879 xw.
1569 2815 1786 2880 AEtat.
1820 2828 2067 2878 xnvn.

391 2930 868 2998 Valentiniano
917 2935 1006 2998 ab
1066 2932 1452 3015 Arbogaste
1509 2932 1775 2999 Comite
1824 2933 2006 3017 apud
2055 2930 2381 2998 Viennam
2432 2929 2500 2994 in

301 3034 535 3102 Gallia
580 3036 847 3115 occiso-3
891 3035 1330 3118 ArhogasteS,
1378 3035 1701 3100 oriundus
1749 3055 1786 3100 e
1826 3040 2015 3116 gente
2063 3032 2499 3110 Francorum,

299 3151 504 3221 quem
553 3137 927 3204 secundum
970 3156 1014 3202 a
1056 3137 1385 3202 Baudone
1415 3138 1613 3214 duce,
1644 3139 1786 3204 viro
1818 3136 1968 3222 ejus
2001 3135 2329 3220 temporis
2359 3154 2499 3200 om*

296 3243 483 3310 nium
540 3241 1034 3327 potentissimo,
1086 3241 1307 3306 locum
1361 3239 1727 3307 Gratianus
1785 3241 2145 3324 imperator
2200 3238 2501 3302 obtinere

286 3342 615 3426 jusserat,
644 3343 766 3412 illo
806 3344 1006 3408 rebus
1050 3343 1355 3410 humanis
1389 3351 1691 3423 exemto,
1723 3344 1937 3410 fretus
1979 3342 2310 3409 industria
2348 3355 2499 3416 sna,

300 3444 473 3509 citra
502 3446 828 3528 principis
857 3447 1351 3524 auctoritatem,
1383 3446 1740 3529 imperium
1788 3447 1923 3511 sibi
1964 3446 2255 3510 militare
2283 3442 2500 3511 vindi-

303 3555 590 3612 caverat.
680 3547 754 3612 Is
785 3547 1081 3634 habebat
1110 3552 1179 3613 in
1208 3550 1364 3614 aula
1411 3550 1543 3613 sibi
1589 3570 1633 3615 a
1680 3550 2036 3614 Ricomere
2075 3545 2502 3613 commenda-

303 3659 445 3718 tum
490 3656 556 3715 et
600 3650 915 3716 traditum
962 3651 1106 3717 ludi
1153 3651 1438 3716 liter-arii
1487 3652 1881 3733 magistrum
1938 3650 2332 3732 Eugenium,
2384 3648 2500 3714 cui
2552 3679 2555 3682 ‡

304 3772 564 3819 summa
593 3753 894 3818 doctrina
936 3756 1087 3838 pari
1126 3755 1489 3839 conjuncta
1520 3755 1681 3820 vitae
1726 3755 2099 3837 integritate
2141 3759 2210 3817 et
2249 3772 2499 3817 morum

301 3856 633 3941 elegantia
677 3875 983 3939 magnam
1025 3860 1095 3924 iu
1136 3858 1382 3924 Galliis
1427 3858 1885 3924 auctoritatem
1930 3857 2200 3922 fecerat.
2289 3855 2504 3938 Igitur

295 3962 707 4026 amoliturus
756 3980 796 4025 a
848 3971 922 4026 se
967 3961 1306 4030 affectatae
1360 3961 1729 4046 tyrannidis
1769 3961 2118 4038 invidiam,
2171 3958 2375 4026 simul
2427 3964 2503 4026 ut

295 4063 451 4149 ipse
485 4066 614 4129 sub
645 4064 795 4148 ejus
819 4067 1091 4134 nomine
1121 4065 1657 4134 administraret
1639 4064 2014 4149 imperium,
2039 4063 2225 4132 hunc
2238 4061 2500 4149 Augus-

296 4168 484 4234 tum
464 4187 531 4234 m
565 4165 939 4236 Occidente
965 4168 1319 4238 acclamat.
1419 4209 1444 4220 --
