3084 4959
464 345 638 414 1248
1231 357 1554 413 summm
1606 358 1892 415 murro

467 509 856 592 Principum
885 507 1241 574 constituta
1260 509 1293 571 ‘t
1337 509 1478 593 qui,
1506 528 1660 573 cum
1690 528 1766 574 se
1808 502 2094 574 occursu
2124 508 2305 573 laetae
2339 498 2659 592 juventu}

464 611 556 678 tis
605 610 807 690 affici,
854 630 991 677 non
1036 610 1256 677 solum
1301 611 1728 690 liberalitate,
1772 631 1973 696 quam
2017 610 2154 695 ipsi
2183 610 2513 688 tribuunt,
2539 613 2658 677 sed

463 714 668 780 etiam
698 715 932 793 literiS,
964 716 1209 800 quibus
1245 734 1347 779 me
1377 715 1460 779 ad
1492 714 1980 779 institutionem
2027 713 2176 797 ejus
2209 713 2658 793 cohortantur,

464 817 828 895 ostendant,
862 824 1107 901 quanto
1137 818 1292 901 plus
1340 817 1618 899 capient
1667 816 2062 899 voluptatiS,
2093 813 2242 880 cum
2273 821 2656 899 reparatum

461 918 789 984 videant·
836 922 1058 1004 ipsum
1089 917 1610 985 conciliabulum
1644 916 2066 1001 juventutis?
2152 918 2219 982 3.
2268 916 2530 995 Adhoc,
2564 918 2656 986 V.

397 1054 410 1067 ·
461 1016 572 1101 P„
601 1040 777 1105 opus
806 1022 988 1088 istud
1018 1022 1232 1088 reddit
1259 1022 1606 1096 illustriuS,
1636 1028 1708 1085 et
1752 1040 1900 1086 cum
1947 1020 2242 1105 ipsorum
2274 1020 2648 1100 Caesarum,

462 1130 598 1190 tum
644 1128 842 1191 etiam
896 1127 1189 1191 omnium
1230 1124 1575 1189 hominum
1637 1122 1989 1207 adspectui
2049 1123 2402 1207 promtius,
2465 1126 2653 1207 quod

459 1229 799 1313 praecipuo
879 1233 986 1293 est
1048 1229 1204 1294 loco
1265 1230 1589 1312 positum,
1648 1226 1855 1311 quasi
1914 1226 2086 1291 inter
2152 1226 2345 1310 ipsos
2411 1224 2652 1291 oculos

459 1331 777 1410 civitatis,
848 1332 1023 1396 inter
1079 1330 1419 1414 Apollinis
1500 1326 1869 1412 templumb
1946 1333 2152 1413 atque
2208 1327 2643 1412 Capitolium.

456 1434 524 1498 4.
599 1433 758 1514 Quo
818 1437 1035 1516 magis
1096 1442 1206 1498 est
1264 1435 1465 1499 etiam
1525 1438 1963 1497 sacrosancta
2020 1431 2238 1509 sedes,
2297 1434 2652 1520 utriusque

455 1537 688 1603 lateris
734 1537 1109 1602 veneranda
1146 1536 1466 1623 confinio,
1504 1537 1846 1618 utriusque
1886 1535 2019 1600 late
2058 1537 2353 1601 numinis
2392 1537 2652 1603 instau-

453 1640 668 1705 randa
713 1648 1044 1724 respectu,
1090 1659 1173 1704 ne
1219 1641 1399 1718 fana,
1442 1640 1636 1722 longe
1666 1638 1961 1702 omnium
2000 1639 2064 1701 in
2102 1636 2232 1703 hac
2284 1640 2448 1704 urbe
2502 1640 2654 1724 pul·

454 1741 805 1821 cherrima,
855 1744 1050 1808 labes
1098 1743 1363 1808 media⁰
1409 1741 1784 1821 deformet;
1850 1742 2431 1822 praesertimvcum
2480 1742 2649 1809 mihi

454 1845 761 1923 videatur
797 1845 950 1928 ipse
979 1844 1121 1921 ille,
1152 1847 1265 1927 qui
1295 1844 1644 1910 Maeniana
1673 1842 1819 1907 haec
1851 1834 2110 1926 primus
2141 1845 2507 1923 exstruxit,
2540 1846 2648 1909 id-

453 1949 639 2013 circo
671 1967 754 2012 ea
782 1947 921 2011 illic
952 1949 1373 2030 potissimum
1419 1946 1818 2023 collocasse,
1863 1954 1942 2010 ut
1985 1946 2192 2011 veluti
2234 1953 2520 2030 cognato
2548 1949 2649 2012 vi-

454 2051 752 2116 cinorum
781 2050 914 2114 sibi
943 2050 1285 2113 numinum
1316 2055 1682 2114 tenerentur
1712 2048 2049 2132 amplexu,
2078 2068 2228 2113 cum
2260 2045 2650 2130 augustissi-

452 2171 563 2217 ma
605 2158 810 2231 tecta,
859 2153 1078 2218 literis
1130 2152 1465 2230 dedicata,
1508 2152 1666 2218 inde
1696 2150 2116 2216 Athenarum
2151 2153 2481 2217 conditrix
2514 2152 2649 2218 Mi-

451 2252 703 2321 nerva‘¹
732 2252 1180 2340 conspiceret,
1201 2255 1352 2320 hinc
1382 2254 1661 2340 Apollo,
1690 2253 1952 2319 medius
1984 2255 2471 2320 Gamoenarum.

1369 2401 1728 2427 oceo-eneaeuoca-

447 2501 681 2568 triumphi
698 2509 938 2554 merentur
957 2504 1133 2555 Moerl.
1156 2512 1210 2555 et
1234 2505 1471 2556 Gom-2
1506 2505 1612 2553 Pro
1646 2505 1896 2555 ostendant
1929 2504 2168 2555 Balduin.
2199 2504 2364 2556 edidit
2392 2511 2646 2557 ostentant.

448 2569 600 2629 Mox,
630 2574 901 2633 reparatum
932 2572 1143 2620 viderint
1179 2572 1319 2637 conj.
1356 2571 1659 2621 Acidim—3
1692 2570 1860 2620 Adhuc
1864 2601 2008 2630 .....
2023 2571 2233 2620 reddidit
2269 2573 2385 2620 cod.
2421 2571 2646 2637 Guelph.

446 2633 719 2685 Acidalius
743 2636 843 2698 legi
869 2636 1041 2700 jubet,
1060 2652 1172 2701 opus
1194 2637 1322 2687 istud
1340 2651 1443 2685 cum
1465 2638 1671 2699 ipsorum
1699 2638 1959 2694 Casurum,
1995 2640 2096 2684 ium
2128 2635 2272 2684 etiam
2303 2637 2505 2686 omnium
2530 2638 2577 2686 h.
2598 2653 2649 2687 α.

440 2705 701 2764 promtum,
731 2700 912 2761 reddit,
948 2703 1029 2750 vel
1059 2703 1293 2759 redditur,
1311 2703 1562 2763 illustrius,
1585 2702 1706 2764 quod
1735 2701 1972 2764 proeeipuo
1999 2707 2067 2749 est
2092 2702 2190 2749 loco
2221 2704 2443 2763 positum.
2507 2701 2645 2750 Edd.

446 2773 579 2815 vett.
613 2765 849 2817 illustrius
881 2780 1002 2825 cum,
1034 2769 1115 2829 ξι.
1182 2769 1306 2816 Vet.
1332 2768 1497 2817 Livin.
1526 2766 1753 2829 Gnelph.
1786 2772 1842 2814 et
1878 2773 2102 2815 recentt.
2137 2768 2369 2816 inserunt
2407 2772 2472 2817 et.
2537 2767 2643 2816 Pro

443 2831 671 2894 aspectui,
692 2831 829 2894 quod
854 2840 1065 2881 servant
1088 2834 1210 2885 Vaet.
1251 2833 1418 2883 Lirin.
1454 2832 1658 2882 Bertin.
1684 2830 1911 2894 Guelpln.
1946 2831 2104 2880 Grut.
2123 2841 2178 2896 et
2204 2839 2421 2880 receutt.
2450 2838 2645 2894 aspectu

443 2896 683 2956 praebent
708 2896 924 2961 Cuspiu-
957 2897 1122 2947 Livin.
1155 2899 1336 2962 Steph.
1365 2898 1531 2946 Rivin.
1553 2907 1605 2945 et
1630 2896 1821 2947 cellar.
1852 2898 2081 2959 respectui
2103 2897 2375 2947 Mentha-4
2408 2897 2644 2946 Rhenan.

443 2961 720 3025 legendum
765 2968 935 3025 putat,
971 2964 1218 3027 utriusque
1251 2963 1418 3013 lateris
1453 2962 1795 3021 iustam-anda,-
1830 2960 1950 3011 edd.
1991 2967 2122 3011 vett.
2156 2962 2364 3019 hahent,
2401 2964 2644 3026 utriusqus

441 3027 539 3075 inte
570 3028 775 3075 numeris
787 3044 808 3086 ,·
856 3028 1085 3090 Gueiph.
1140 3032 1265 3077 Exc.
1314 3029 1607 3078 Schonhov.
1646 3028 1771 3075 Vet.
1810 3028 2031 3076 Putenn.
2069 3026 2193 3076 Vet.
2238 3029 2401 3077 Livin.
2441 3027 2647 3077 Bertin.

441 3091 656 3209 glun-gin.
678 3100 733 3140 et
757 3093 953 3159 aliquot
981 3094 1134 3145 codd.
1169 3109 1255 3159 ap.
1278 3095 1436 3145 Grut.
1465 3093 1714 3157 utriusque
1740 3092 1949 3142 numinis
1978 3092 2318 3150 instauranda,-
2349 3103 2406 3142 et
2435 3095 2510 3142 sic
2531 3094 2641 3144 edi·

480 3160 523 3207 it
587 3171 746 3220 aeger.
2216 3158 2225 3169 ⁴

506 3335 532 3365 ⁸
561 3328 858 3392 Repeti-atum
884 3329 1101 3394 videant]
1133 3330 1241 3380 Pro
1262 3330 1469 3380 viderint
1486 3347 1505 3380 r
1645 3337 1669 3366 Φ
1698 3329 1851 3378 Lobes
1870 3327 2047 3393 media]
2074 3326 2364 3378 AEdificium
2389 3328 2641 3387 deforme.

438 3404 516 3456 sic
538 3405 734 3471 Paneg.
754 3421 820 3457 n.
854 3411 931 3459 13.
968 3407 1069 3457 ‘Hi
1092 3406 1501 3473 (Imperatores)
1643 3405 1668 3441 ‘¹
1702 3406 1952 3471 Minerva]
1987 3405 2270 3470 Sapientia*
2305 3413 2360 3454 et
2392 3407 2638 3455 honarum

441 3497 557 3533 cum
582 3483 798 3548 primum
826 3484 1042 3534 redeant
1071 3483 1136 3534 ad
1169 3490 1221 3534 te
1256 3483 1501 3549 (Romam
1580 3484 1767 3545 artium
1793 3483 1928 3544 Des,
1951 3497 2017 3531 ex
2037 3482 2206 3545 Jovis,
2237 3490 2297 3532 ut
2325 3481 2643 3545 fabulantur,

439 3559 748 3625 compellat)
763 3560 1153 3625 triumphantes,
1167 3575 1267 3611 nno
1282 3560 1499 3624 eupiunt
1582 3556 1823 3619 cerebro,
1867 3558 2002 3606 unde
2032 3563 2230 3608 armato
2268 3557 2489 3621 prosiliit
2527 3557 2640 3607 sine

437 3638 608 3688 invehi
630 3638 823 3701 curru,'
857 3639 908 3689 id
931 3647 1031 3695 est,
1051 3653 1164 3690 cum
1189 3640 1409 3704 primum
1430 3637 1496 3688 ad

440 3724 495 3766 te
518 3716 788 3779 redierint.

453 3843 458 3849 ,
500 3791 526 3827 t»
553 3792 693 3843 Inter
716 3793 956 3857 Apollinis
989 3793 1238 3858 templum]
1271 3793 1497 3845 AEdueu·

435 3884 520 3922 ses
570 3871 842 3934 plurimum
897 3874 1142 3924 colebant
1183 3874 1496 3937 Apollinem,

437 3946 528 3995 sed
552 3954 609 3996 et
632 3945 1029 4010 Augustoduno,
1058 3948 1237 3998 itidem
1273 3957 1333 3998 ut
1366 3950 1495 3998 mul·

299 4058 301 4061 ψ
353 4073 358 4079 ,
434 4021 503 4071 tis
528 4021 641 4072 aliis
663 4023 874 4072 urbibus
897 4024 1309 4090 municipalibus,
1325 4024 1496 4077 instar

435 4098 617 4149 Romae
652 4110 797 4148 suum
838 4099 1157 4163 capitolium,
1195 4102 1277 4151 sni
1322 4115 1494 4166 aquae·

433 4169 640 4238 ductus,
662 4189 784 4224 suus
807 4175 976 4226 circus
998 4178 1288 4242 “ancujus
1310 4184 1494 4229 extant

432 4249 692 4319 hodieque
716 4252 951 4318 vestigia·
1483 4256 1488 4259 ⁴

1577 3644 1766 3697 matre,
1783 3643 2074 3701 procreata.
2141 3629 2297 3685 Hanc
2334 3636 2470 3684 inter
2489 3636 2640 3698 Nep·

1576 3721 1875 3780 tunumque,
1898 3713 1964 3764 de
1987 3711 2159 3763 dando
2173 3712 2395 3763 Athenin
2415 3714 2639 3778 nomine,

1576 3795 1671 3843 lite
1704 3803 1841 3859 orta,
1863 3795 2024 3842 visum
2047 3799 2131 3841 est
2163 3791 2295 3854 Diis,
2318 3798 2377 3841 ut
2399 3793 2465 3841 ab
2487 3791 2639 3856 hujus

1575 3872 1782 3921 nomine
1803 3870 2211 3935 appellarentur,
2235 3868 2322 3932 qui
2346 3868 2519 3918 utilius
2547 3869 2639 3917 ho-

1576 3947 1795 3996 minibus
1816 3947 2007 3995 donum
2041 3945 2407 4009 procudisset:
2448 3945 2638 4010 Itaque

1576 4037 1821 4089 percusso
1874 4022 2055 4073 littore
2105 4022 2385 4088 Neptunus
2447 4035 2637 4086 equum

1573 4099 1711 4150 hello
1734 4109 1931 4165 aptum,
1956 4100 2123 4149 oleam
2149 4112 2271 4147 vero
2301 4097 2449 4162 pacis
2481 4098 2638 4163 insig-

1576 4190 1642 4224 ne
1678 4166 2082 4241 hnsta‘impacta
2123 4176 2341 4238 protulit
2375 4176 2638 4250 Minerva,

1578 4256 1660 4306 cui
1685 4256 1862 4307 statim
1890 4251 2190 4320 sdjudieat‘a
2220 4268 2407 4317 enum
2436 4264 2488 4305 et
2512 4253 2637 4320 qnia
