3084 4959
928 401 1043 449 ιη..
1090 398 1271 448 vn..
1316 395 1773 447 consuunt
1797 431 1802 434 .
1825 395 2143 445 ennom.
2465 377 2634 444 1271

425 633 511 704 A.
544 635 637 702 U.
667 634 747 702 C.
789 650 1017 699 Μωιι.
1065 630 1321 697 Christi
1355 646 1508 695 coc.
1564 582 1865 695 Dioclet.
1897 629 2077 715 Imp.
2108 644 2309 696 xvn.
2342 628 2632 694 Maxim.

1033 735 1212 819 Imp.
1248 750 1412 799 xvl.
1443 730 1679 798 Const.
1708 734 1923 798 AEtat.
1961 750 2026 798 ι..

513 856 955 923 Constantius
1004 854 1429 922 consulatum
1473 852 1747 918 tertium
1783 853 1973 935 gerit,
2005 850 2281 918 Galerio
2313 850 2637 917 Maximi-

428 978 558 1024 ano
587 960 868 1044 collega.

427 1136 516 1203 A.
549 1138 636 1206 U.
670 1138 750 1204 C.
781 1157 961 1206 mnv.
1020 1140 1268 1208 Christi
1301 1158 1527 1207 occu.
1587 1140 1890 1207 Dioclet.
1921 1139 2099 1225 Imp.
2135 1156 2307 1208 xix.
2343 1141 2635 1207 Maxim.

965 1245 1144 1330 Imp.
1181 1261 1408 1310 xvul.
1441 1242 1685 1310 Const.
1718 1244 1926 1310 AEtat.
1965 1260 2098 1308 nn.

515 1358 629 1427 Fit
658 1364 890 1428 consul
921 1369 1252 1447 quartum,
1279 1362 1514 1430 eodem
1547 1360 1827 1428 Galerio
1859 1360 2286 1428 Maximiano
2318 1364 2593 1448 collega.

427 1542 514 1611 A.
540 1517 629 1611 U.
650 1546 728 1614 C.
753 1566 1004 1614 ann.
1037 1546 1286 1614 Christi
1306 1564 1553 1614 ccmv.
1595 1547 1892 1613 Dioclet.
1913 1546 2091 1630 Imp.
2120 1562 2299 1612 xxi.
2344 1548 2636 1617 Maxim.

992 1649 1166 1736 Imp.
1199 1665 1347 1715 xx.
1401 1650 1640 1718 Const.
1664 1649 1879 1714 AEtat.
1922 1665 2073 1713 mv.

458 1809 467 1817 »
514 1766 952 1835 Diocletiano
1004 1777 1074 1834 et
1126 1769 1555 1835 Maximiano
1609 1787 1764 1833 sese
1810 1768 1989 1833 ultro
2028 1769 2292 1853 imperii
2320 1770 2639 1836 adminis-

428 1870 715 1935 tratione
765 1871 1265 1950 abdicantibus,
1327 1880 1346 1908 ‘
1374 1868 1861 1939 Constantius’
1918 1873 2153 1937 eodem
2211 1872 2346 1952 die,
2401 1893 2641 1957 nempe

429 1971 591 2036 Kal.
620 1972 900 2056 Aprilis,
926 1982 945 2010 ‘
969 1994 1122 2040 cum
1166 1974 1444 2042 Galerio
1470 1973 1488 2002 '
1517 1994 1606 2039 ex
1650 1973 1922 2041 Caesare
1953 1980 1972 2008 ‘
2002 1972 2351 2057 Augustus
2380 1982 2640 2042 creatus

429 2076 987 2163 est,-divisusque
1014 2078 1187 2144 inter
1217 2096 1340 2143 eos
1387 2076 1746 2142 Romanus
1796 2075 2003 2155 orbis,
2031 2082 2110 2141 ut
2142 2074 2467 2154 Galliam,
2498 2077 2638 2143 Ita·

424 2175 609 2256 liam,
639 2179 943 2246 Africam
978 2180 1420 2248 Constantius
1445 2200 1464 2260 3
1512 2179 1889 2264 Illyricum,
1911 2177 2171 2251 Asiam,
2200 2183 2270 2244 et
2296 2178 2641 2245 Orientem

427 2277 741 2346 Galerius
769 2286 1124 2365 obtineret,
1152 2284 1394 2349 sumtis
1428 2284 1694 2348 dnobus
1724 2282 2139 2348 Caesaribus.
2201 2280 2643 2348 Constantius

428 2388 654 2447 tamen
701 2392 1063 2458 contentus
1110 2387 1430 2470 dignitate
1482 2385 1808 2470 Augusti,
1856 2385 2081 2450 Italiae
2129 2391 2333 2469 atque
2384 2383 2641 2453 Africae

427 2483 980 2556 administrandae
1029 2490 1530 2556 solicitudinem
1585 2490 1951 2555 recusavit.
2040 2486 2166 2553 Vir
2221 2488 2527 2571 egregius
2569 2496 2642 2553 et

427 2590 1008 2668 praestantissimae
1046 2592 1423 2668 civilitatis,
1426 2591 1446 2618 '
1472 2594 1601 2657 διο.
1688 2590 1804 2657 Ita
1836 2590 2119 2674 Eutrop.
2179 2589 2431 2654 Eodem
2472 2596 2640 2654 tem·

427 2707 591 2771 pore
622 2694 825 2758 tradit
856 2692 1157 2761 Victoris
1188 2694 1585 2779 Epitome,‘
1615 2689 2126 2760 Constantinum
2168 2711 2443 2776 quoque
2487 2691 2639 2758 Gae-

430 2811 645 2859 sarem
700 2797 1012 2863 effectum
1067 2796 1264 2863 esse?
1352 2797 1567 2863 Haud
1619 2798 1820 2862 dubie
1867 2816 1910 2862 a
1939 2793 2342 2862 Constantio
2393 2801 2637 2882 patre.

431 2896 623 2981 cujus
653 2898 725 2963 in
755 2899 981 2965 locum
1014 2900 1269 2968 videtur
1296 2901 1595 2968 Severus
1625 2921 1780 2967 esse
1811 2902 2131 2965 intrusus.

467 3086 561 3155 A.
595 3088 684 3154 U.
706 3088 785 3154 C.
819 3106 1105 3155 anlu.
1129 3090 1385 3158 Christi
1417 3108 1625 3159 cccv·
1649 3092 1885 3160 Const.
1918 3091 2097 3177 Imp.
2125 3107 2208 3157 11.
2244 3090 2452 3157 AEtat.
2485 3106 2605 3155 ιν.

518 3209 970 3275 Constantius
1021 3227 1093 3275 ν.
1140 3211 1381 3276 consul
1434 3210 1763 3277 adversus
1813 3209 2218 3277 Caledonios
2263 3208 2640 3296 Pictosque

428 3318 626 3395 parat
660 3314 1059 3379 exercitum.

427 3485 515 3553 A.
548 3488 637 3554 U.
672 3489 753 3555 C.
788 3507 1016 3557 me.
1045 3492 1292 3557 Christi
1328 3507 1576 3557 cccvl.
1609 3434 1845 3557 Con-st.
1877 3490 2058 3575 Imp.
2089 3506 2207 3556 ιιι.
2240 3489 2451 3553 AEtat.
2483 3500 2638 3550 nvi.

517 3606 922 3676 Constantio
949 3611 1100 3676 vela
1127 3613 1192 3676 in
1229 3612 1654 3677 Britanniam
1673 3611 1993 3687 faciente,
2014 3614 2286 3693 repente
2312 3605 2641 3671 Constan—

430 3710 639 3786 tinus,
672 3710 788 3794 qui
820 3712 1022 3776 obses
1052 3733 1095 3777 a
1125 3713 1402 3779 Galerio
1436 3715 1502 3777 in
1542 3713 1752 3777 Italia
1796 3711 2232 3787 detinebatur,
2261 3707 2349 3773 ad
2377 3713 2639 3791 patrem

429 3813 740 3881 accurrit.
832 3812 1034 3894 Picti,
1089 3814 1574 3898 Caledoniique
1620 3814 1992 3879 vincuntur.
2080 3808 2180 3875 At
2236 3828 2374 3875 non
2431 3810 2638 3876 multo

426 3923 588 4001 post
619 3915 913 3980 Eboraci
941 3916 1006 3981 in
1050 3915 1288 3981 febrim
1325 3917 1563 3982 incidit
1602 3914 2062 3981 Constantius.
2151 3917 2173 3950 ‘
2204 3910 2328 3978 Cui
2362 3912 2637 3997 quidem

428 4023 498 4084 et
529 4018 619 4083 ob
650 4026 1012 4085 ceterorum
1044 4019 1329 4086 filiorum
1360 4010 1652 4105 ineptam
1686 4019 1977 4085 indolem
2008 4014 2300 4095 moesto:
2332 4015 2634 4082 Zonaras

428 4122 544 4196 ait,
566 4125 588 4156 ‘
610 4122 921 4206 angelum
953 4122 1273 4201 astitisse,
1305 4124 1420 4207 qui
1442 4122 1714 4208 juberet
1732 4128 1810 4186 ut
1834 4120 2283 4187 Constantino
2302 4118 2638 4203 relinque·

427 4228 528 4288 ret
573 4225 976 4309 imperium.’
1065 4223 1271 4305 Quod
1321 4226 1382 4292 si
1434 4244 1663 4292 verum
1715 4228 1915 4305 esset,
1945 4222 2284 4308 quomodo
2335 4240 2447 4290 res
2494 4229 2635 4290 tam
