3084 4959
2458 371 2636 439 1218

418 527 798 597 hominum·
846 528 1031 595 circa
1079 547 1209 595 sua
1254 547 1376 595 ora
1421 529 1717 596 concreti
1758 529 1976 611 rigore
2019 538 2470 598 canescerent.
2566 533 2634 600 2.

418 630 639 711 Adeo,
664 637 742 698 ut
769 640 889 696 ‘res
918 626 1078 710 est,k
1120 630 1446 701 aduersus
1478 632 1976 698 inclementiam
2010 633 2316 698 locorum
2346 653 2429 699 ac
2457 634 2636 701 side-

418 754 560 800 rum
593 740 838 809 vestrae
868 752 992 799 vos
1021 732 1396 817 majestatis
1425 733 1730 817 potentia
1760 735 2094 814 tuebatur,
2126 742 2196 800 et
2239 738 2487 802 ceteris
2515 736 2634 802 ho-

418 835 715 901 minibus
745 840 950 918 atque
991 834 1370 916 regionibus
1401 835 1468 897 vi
1498 832 1816 916 frigorum
1846 835 2143 900 astrictis
2172 842 2243 900 et
2269 838 2638 920 oppressis,

418 957 548 1003 vos
574 939 761 1004 solos
787 956 971 1001 aurae
995 936 1205 1017 lenes,
1234 936 1559 1021 vernique
1580 935 1809 1015 flatus,
1837 941 1928 1015 et,
1952 934 2283 1003 diductis¹
2315 939 2634 1020 nubibus,

418 1040 506 1105 ad
536 1041 774 1104 itinera
801 1046 1034 1105 vestra
1066 1038 1306 1103 directi
1333 1038 1501 1126 solis
1531 1039 1707 1105 radii
1742 1041 2215 1124 sequebantur.
2299 1041 2367 1106 3.
2409 1041 2637 1108 Tanta

416 1141 746 1208 facilitate
777 1142 921 1219 illa,
952 1159 1110 1226 quae
1151 1146 1311 1207 tunc
1343 1138 1497 1205 aliis
1527 1139 1746 1208 forent
1772 1141 2288 1219 inaccessibilia,
2318 1161 2636 1227 superas·

417 1246 531 1322 tia,
563 1251 768 1328 atque
806 1244 964 1308 inde
1008 1243 1056 1308 J
1061 1243 1252 1321 ulias,
1281 1243 1439 1311 hinc
1486 1242 1754 1310 Cottias
1795 1242 2085 1328 Alpes,¹¹³
2127 1245 2325 1328 quusi
2367 1245 2637 1311 relictas

420 1351 596 1412 aestu
642 1354 935 1411 arenas¹¹
982 1346 1346 1429 patentium
1390 1344 1716 1423 littorum,
1746 1347 2258 1413 transcurristis.
2344 1347 2414 1411 4.
2455 1346 2637 1413 Eant

418 1467 600 1513 nunc
652 1467 867 1513 rerum
918 1453 1223 1512 veterum
1267 1445 1771 1530 proedioatoreS,
1813 1454 1881 1512 et
1928 1447 2389 1514 Hannibalem
2440 1449 2637 1514 illum

418 1551 654 1616 multis
693 1549 1060 1627 laboribuS,
1091 1568 1473 1635 magnaque
1514 1551 1856 1617 exercitus
1898 1551 2005 1615 sui
2042 1549 2486 1616 diminutione
2520 1549 2635 1647 AJ-

1140 383 1623 433 usxtmauo.
1702 385 1824 434 ιιι.
1866 370 1934 437 9.

1342 1698 1555 1722 “Onu
1560 1699 1711 1722 &0000

416 1797 563 1851 agros
579 1781 779 1846 glacies,
799 1781 1003 1843 glaciem
1023 1783 1176 1832 nives.
1229 1780 1365 1832 Vide
1390 1783 1548 1834 Nott.
1571 1784 1819 1834 Vara—2
1854 1781 1992 1833 Edd.
2029 1787 2160 1832 vett.
2184 1783 2479 1833 mentions
2509 1784 2633 1833 loeo·

416 1863 562 1907 rann·
606 1846 811 1898 Puteol.
851 1852 907 1896 et
943 1849 1079 1898 Nar.
1135 1848 1385 1898 clementia
1406 1851 1647 1908 locorum3
1683 1850 1899 1912 Cuspio.
1929 1855 1983 1897 et
2021 1847 2257 1898 Rhenan.
2285 1848 2636 1898 inclementiam

414 1915 638 1963 locorum
670 1912 896 1974 Guelplr.
931 1913 1062 1963 Exc.
1094 1911 1387 1963 Scbonlrov.
1425 1919 1483 1963 et
1518 1915 1673 1963 Voss.
1707 1918 1765 1963 ut
1796 1914 1982 1964 ceteris.
2017 1917 2033 1942 ⁸
2059 1913 2176 1962 Non
2206 1913 2480 1976 probamus
2502 1927 2636 1963 sara

414 1980 540 2028 letes
558 1994 580 2036 ,·
615 1977 752 2042 quod
777 1977 973 2041 legitur
995 1979 1048 2027 iu
1074 1975 1367 2038 Puteolani,
1406 1978 1662 2040 Rhenum,
1696 1979 1874 2036 Navii,
1906 1986 1961 2027 et
1987 1977 2061 2029 H.
2084 1979 2335 2041 Stephani
2369 1979 2516 2027 libris
2539 1980 2634 2027 im·

419 2044 613 2107 pressis
634 2058 650 2103 ;
675 2044 836 2090 multo
860 2041 1033 2103 aptius
1057 2042 1312 2104 scriptum
1337 2042 1490 2091 estin
1515 2043 1697 2093 codice
1719 2052 1916 2105 nostro,
1937 2057 2069 2092 aare
2089 2044 2216 2093 lenes
2232 2059 2253 2102 ,·
2276 2059 2425 2108 quam
2452 2044 2634 2092 lectio-

418 2122 535 2157 nem
572 2108 730 2156 etiam
765 2116 945 2168 cetera
967 2107 1286 2169 exemplaria
1316 2119 1511 2156 excusa
1537 2107 1785 2171 produnt.
1847 2109 1999 2158 Aarae
2021 2109 2149 2157 lenes
2171 2114 2226 2157 et
2242 2109 2446 2172 placida
2466 2121 2633 2172 oppo-

414 2180 615 2222 nuntur
645 2172 837 2222 acribus
871 2183 924 2221 et
955 2171 1157 2233 asperis.
1226 2171 1418 2228 Etiam,
1452 2173 1664 2222 diductis
1695 2172 1896 2222 nubibus
1928 2174 2112 2222 melius
2141 2182 2220 2224 est
2245 2189 2398 2237 quam
2420 2174 2637 2223 deductis

415 2238 652 2296 nubilium
699 2252 851 2300 quam
888 2237 1229 2299 posteriorem
1263 2237 1538 2286 lectionem
1580 2239 1922 2299 Puteolanus,
1959 2238 2178 2299 Navius,
2211 2245 2265 2286 et
2302 2239 2386 2286 alii
2421 2237 2632 2302 quidam

417 2305 746 2366 evulgarunt.
814 2307 830 2331 ‘
851 2299 1156 2351 Deducere’
1189 2307 1270 2352 est
1310 2301 1376 2350 de
1410 2303 1526 2351 loco
1566 2302 1631 2350 ad
1669 2303 1825 2353 alium
1860 2305 2028 2352 locum
2065 2303 2288 2365 aliquem
2328 2302 2553 2363 ducere;
2581 2310 2636 2353 at

418 2368 435 2397 ‘
451 2367 702 2417 diducere
721 2367 736 2390 ’
774 2373 853 2416 est
876 2367 1187 2430 conjunctas
1221 2378 1303 2415 res
1335 2367 1416 2416 vel
1441 2367 1670 2417 homines
1694 2367 1952 2431 dividere,
1986 2367 2290 2424 distrahere,
2315 2368 2635 2430 dispellere3

416 2432 556 2497 quod
581 2432 743 2496 magis
773 2432 891 2482 huie
916 2432 1031 2481 loco
1055 2431 1297 2495 congruit
1318 2446 1334 2491 ς
1361 2431 1449 2480 ubi
1482 2433 1639 2482 etiam
1667 2433 1776 2497 jam
1801 2433 2149 2495 Cuspinianus
2174 2432 2361 2490 edidit,
2385 2433 2635 2484 diductis}

420 2512 712 2561 quanquam
751 2510 853 2547 non
902 2497 1212 2558 nesciamus,
1263 2497 1503 2545 librarios
1550 2498 1857 2562 frequenter
1890 2497 2183 2549 confudisse
2231 2499 2352 2547 lenis
2386 2504 2440 2547 et
2483 2498 2636 2556 lenis,⁴

419 2564 566 2619 item,
599 2564 825 2612 deducere
864 2569 920 2612 et
952 2562 1193 2611 diducere.
1258 2560 1343 2610 Ad
1393 2561 1527 2611 huuc
1568 2563 1738 2613 locum
1772 2563 1885 2613 haec
1919 2571 2300 2613 commentatur
2336 2562 2632 2613 Gruterus}

419 2629 544 2678 Duo
568 2627 784 2677 codices
796 2628 1037 2684 diducti&
1057 2625 1194 2691 quod
1219 2633 1274 2675 et
1306 2627 1560 2690 probatur
1576 2629 1840 2689 Puteano,
1862 2628 2205 2691 firmabatque
2234 2630 2334 2677 isto
2364 2627 2633 2677 Ciceronis

417 2693 471 2742 in
496 2693 647 2742 Arati
673 2692 1056 2742 phaenomena:
1094 2693 1111 2721 ‘
1130 2692 1202 2743 Ni
1226 2699 1379 2755 parta
1408 2706 1476 2741 ex
1500 2692 1770 2755 Aquilonis
1793 2708 2004 2756 opacam
2023 2695 2217 2756 pellere
2241 2693 2427 2741 nubem
2449 2694 2634 2755 Coepa·

418 2758 504 2815 rit,
537 2760 592 2806 'et
615 2758 802 2806 subitis
825 2759 963 2807 auris
987 2756 1250 2807 diduxerit
1274 2753 1421 2806 Ara)
1444 2756 1460 2779 ’
1491 2758 1737 2807 Schwarz.
1799 2760 1923 2808 leves
1945 2759 2101 2807 etiam
2132 2759 2360 2821 Guelpb.
2382 2762 2438 2806 et
2459 2757 2634 2806 Risin-

417 2827 467 2872 l.
523 2823 660 2871 Vide
701 2823 852 2872 Nott.
876 2822 1130 2871 νοω-3
1170 2822 1325 2871 Tanta
1347 2821 1594 2881 felicitate
1629 2823 1749 2873 edd.
1774 2831 1901 2872 anta
1931 2825 2147 2874 Gruter.
2207 2824 2361 2873 Tanta
2381 2822 2634 2883 facilitate

416 2887 568 2943 codd.
593 2889 937 2938 Schwarziau.
961 2887 1184 2936 Putean.
1206 2886 1423 2951 Cuspju.
1447 2887 1677 2952 Guelpb.
1694 2896 1747 2939 et
1767 2889 1888 2941 edd.
1908 2897 2133 2943 recentt.
2186 2889 2354 2939 Cottas
2371 2887 2492 2939 edd.
2508 2896 2635 2938 ante

1045 3013 1078 3043 ⁴³
1421 3016 1639 3068 NOTAE

477 3115 497 3160 J
530 3114 788 3166 Ankelitus
808 3114 1073 3180 hominum]
1107 3114 1252 3166 Puta
1275 3112 1326 3163 in
1350 3113 1486 3181 regi·
1565 3114 1758 3167 clarior
1777 3115 1874 3166 bac
1905 3110 2297 3193 emendatione,
2317 3127 2470 3179 quam
2496 3127 2634 3178 prae·

416 3191 870 3243 onibus-omnium
905 3194 1128 3242 maxime
1155 3191 1486 3257 septemtrio·
1567 3198 1714 3241 terea
1739 3193 2008 3242 Puteanus
2031 3192 2193 3241 allata
2219 3191 2487 3242 Ciceronis
2510 3205 2633 3241 aue-

418 3270 641 3321 nalibns.
1569 3267 1783 3317 toritate
1803 3266 2095 3317 coufirmat.

481 3346 507 3381 ¹¹
546 3348 615 3397 Ut
636 3336 712 3396 res
725 3345 822 3410 est]
845 3344 1115 3411 Loquendi
1137 3342 1322 3395 modus
1346 3343 1485 3407 apud

418 3421 527 3485 ejus
560 3421 659 3470 aevi
699 3422 984 3484 scriptores
1017 3418 1289 3485 frequens.
1351 3418 1485 3469 Pan.

418 3502 567 3549 viai.
592 3504 607 3528 ‘
628 3500 754 3561 Sed,
778 3509 940 3550 utres
963 3505 1065 3562 est,
1090 3505 1267 3548 mente
1289 3512 1485 3562 proesa-

417 3590 481 3639 ga
501 3576 738 3626 ornuibus
761 3575 1089 3626 verecundie
1113 3574 1485 3625 observationi·

417 3650 514 3701 bus
537 3649 845 3699 imbuebas?
914 3651 1079 3699 Plura
1112 3649 1370 3714 ejusmodi
1393 3664 1484 3699 ex·

417 3727 591 3790 empla
617 3726 881 3776 Livineius
903 3727 1050 3790 ponit
1068 3727 1164 3776 sub
1180 3740 1283 3776 uno
1300 3741 1484 3790 aspec-

417 3812 476 3853 tu
501 3804 554 3852 in
577 3803 716 3852 hune
738 3802 929 3854 locum.
996 3803 1128 3855 Qum
1152 3802 1238 3852 hic
1261 3800 1485 3853 afferen-

420 3880 488 3928 da
512 3892 616 3927 non
639 3876 784 3936 duxi,
808 3892 873 3935 ne
908 3877 1022 3944 ejus
1054 3877 1244 3929 scrinia
1278 3877 1489 3929 viderer

418 3954 749 4017 compilasse.
1125 3988 1132 3993 -

482 4029 498 4063 ¹
529 4024 783 4093 mantis]
827 4029 1217 4081 Bertiuiensem
1252 4028 1488 4082 codicem

417 4115 628 4156 secutus
660 4119 793 4157 sum.
858 4107 931 4158 Et
967 4122 1092 4157 vero
1127 4107 1203 4157 ita
1228 4105 1487 4158 Gruterus

420 4191 473 4232 et
500 4182 773 4231 Puteanus
797 4183 978 4245 legunt
1011 4197 1107 4247 pro
1138 4183 1375 4246 deductis,
1410 4182 1488 4233 nti

420 4265 500 4310 est
525 4259 575 4310 in
598 4259 711 4310 aliis
732 4259 1065 4313 editionibus.
1132 4259 1405 4315 Sententia
1426 4259 1489 4311 tit

1634 3349 1670 3376 ¹¹¹
1701 3343 1877 3407 Alpes]
1908 3342 2081 3393 Series
2105 3341 2377 3397 montium,
2410 3340 2501 3404 qni
2522 3336 2636 3390 Ita-'-

1568 3418 1687 3470 liam
1713 3419 1780 3468 ab
1798 3419 2080 3469 Germania
2097 3425 2152 3468 et
2169 3417 2344 3468 Gallia
2367 3425 2637 3480 separant.

1567 3493 1770 3544 Horum
1813 3493 2084 3558 longitudo
2123 3501 2207 3543 est
2251 3496 2400 3543 3000.
2443 3490 2635 3542 stadio·

1566 3584 1698 3628 rum,
1738 3578 1871 3621 teste
1904 3569 2071 3620 Livio.
2137 3570 2247 3620 Pro
2282 3568 2422 3617 varia
2457 3575 2634 3616 autem

1568 3647 1799 3696 locorum
1834 3646 2142 3696 diversitate
2178 3644 2323 3693 varia
2347 3640 2634 3693 sortiuntur

1566 3725 1792 3773 nomina.
1854 3723 1942 3772 Sic
1978 3720 2147 3785 Alpes
2185 3720 2300 3770 alie
2339 3727 2460 3770 sunt
2498 3720 2516 3748 ‘
2539 3719 2635 3770 Ju-

1570 3797 1693 3856 tiae:
1715 3799 1831 3849 alio
1853 3804 1869 3827 ⁶
1895 3797 2062 3848 Colias
2084 3795 2102 3820 '
2126 3796 2210 3848 vel
2232 3795 2250 3823 ‘
2270 3794 2496 3860 Cottia:
2512 3795 2631 3847 alim

1569 3882 1587 3907 ⁸
1604 3872 1921 3938 maritimoe,'
1940 3872 2057 3925 aliae
2080 3879 2097 3903 ‘
2122 3871 2340 3935 Graiae,’
2355 3874 2456 3925 dcc.
2526 3896 2531 3901 -

1631 3962 1659 3988 ὓ
1693 3953 1850 4010 Quasi
1876 3952 2069 4004 relictas
2109 3958 2232 4003 aesea
2266 3950 2461 4015 arenas]
2506 3949 2633 3999 Pari

1569 4029 1828 4082 facilitate
1862 4037 2068 4079 montes
2102 4026 2304 4078 nivibus
2328 4039 2556 4089 asperos,
2580 4031 2638 4074 et

1572 4119 1755 4155 arenas
1779 4112 1908 4155 aestu
1935 4112 2215 4166 torrentes,
2246 4111 2405 4167 atque
2433 4116 2545 4151 eam
2567 4100 2636 4151 ob

1570 4197 1677 4236 rem
1701 4195 1866 4248 prope
1887 4181 2200 4234 inhabitatas
2220 4177 2612 4233 transcurristis.
