3084 4959
487 333 666 401 1218
1057 348 1505 402 usnam-mr
1555 351 1703 402 erm
1717 351 2148 405 amaracus

491 499 710 575 nibus,
741 503 861 562 aut
888 515 1008 581 per
1037 498 1211 562 fores
1241 498 1308 562 in
1347 496 1701 580 publicum
1741 497 2238 582 proruentibus,
2269 501 2389 564 aut
2425 517 2548 583 per
2586 517 2704 565 su-

489 602 761 685 periora
799 599 1040 667 oedium
1075 595 1352 664 limina‘*
1389 598 1922 666 imminentibus.
2008 601 2076 664 4.
2122 599 2435 667 Clamare
2467 621 2705 669 omnes

491 722 635 789 prae
676 703 944 787 gaudio,
966 702 1110 787 jam
1157 702 1305 767 sine
1346 708 1525 767 metu
1571 703 1796 782 vestri,
1823 710 1891 768 et
1929 703 2162 788 palam
2190 724 2400 769 manu
2427 704 2703 770 demon-

490 812 744 871 strare:
789 805 1009 871 Vides
1037 805 1589 871 Diocletianum?
1684 806 2182 871 Maximianum
2212 806 2452 872 vides?
2505 808 2707 871 ambo

493 914 692 973 sunt:
739 907 986 990 pariter
1016 913 1204 972 sunt:
1253 926 1457 991 quam
1478 906 1767 991 junctim
1793 908 2071 973 sedent!
2116 927 2322 994 quam
2355 909 2707 973 concordi·

477 1014 593 1074 'ter
620 1008 1175 1093 colloquunturi⁶
1220 1030 1419 1093 quam
1458 1011 1601 1075 cito
1631 1011 2015 1076 transeunt!
2102 1013 2169 1076 5.
2216 1010 2446 1075 Nemo
2480 1011 2708 1077 studio

492 1133 617 1178 suo
665 1132 791 1196 par
834 1113 964 1176 fuit
1006 1106 1224 1176 oculis
1266 1111 1353 1176 ad
1398 1113 1793 1177 intuendum
1820 1125 1880 1178 ε·
1938 1115 2227 1198 dumque
2271 1133 2397 1178 vos
2443 1113 2705 1179 alterna

493 1216 868 1298 cupiditate
895 1215 1240 1292 mirantur,
1274 1219 1573 1279 neutrum
1607 1217 1780 1279 satis
1811 1214 2034 1280 videre
2064 1221 2445 1301 potuerunt.

582 1316 765 1381 cn.
810 1332 958 1381 xit.
1021 1315 1088 1379 1.
1133 1315 1303 1399 Ipsa
1342 1316 1551 1381 etiam
1595 1317 1895 1398 gentium
1938 1317 2233 1395 domina,
2274 1313 2551 1395 Roma‚f
2585 1317 2710 1382 im-

490 1418 766 1482 modico
799 1417 1330 1500 propinquitatis
1360 1424 1601 1484 vestrae
1621 1419 1649 1455 ⁴
1675 1419 1853 1483 elata
1881 1420 2156 1502 gaudio,
2191 1438 2455 1504 vosque
2485 1439 2524 1483 e
2554 1439 2710 1502 spe-

485 1520 714 1585 >culisg
752 1540 1024 1584 suorum
1058 1522 1383 1584 montium
1415 1520 1799 1604 prospicere
1823 1528 2096 1600 conata,
2128 1541 2267 1606 quo
2297 1541 2370 1586 se
2400 1522 2707 1588 vultibus

490 1623 732 1688 vestris
775 1623 1059 1707 propius
1104 1621 1422 1706 expleret,
1454 1623 1543 1686 ad
1583 1624 1974 1689 intuendum
2018 1625 2351 1704 cominus,
2384 1633 2711 1708 quantum

493 1725 739 1811 potuit,
765 1726 1072 1791 accessit.
1148 1726 1228 1790 ·2.
1276 1723 1609 1791 Lumina*
1657 1727 1989 1812 siquidem
2032 1735 2310 1794 senatus
2348 1728 2459 1793 sui
2496 1729 2715 1808 misit,

484 1981 490 1984 ,
556 1923 577 1948 ⁶
613 1915 764 1963 Nemo
781 1927 870 1975 pro
888 1912 1121 1962 desiderio
1143 1927 1234 1961 suo
1252 1927 1335 1961 vos
1351 1911 1616 1975 conspicere
1633 1915 1810 1977 potuit.
1988 1911 2015 1945 ὅ
2056 1911 2202 1963 Vobis
2224 1884 2609 1965 adamantibus.

1415 2057 1442 2076 0
1447 2057 1594 2080 “O“
1599 2058 1622 2078 0
1628 2058 1741 2093 ‘Off
1749 2058 1776 2078 O

492 2164 591 2210 -4
627 2158 906 2210 ‘Nonnulli
923 2157 1044 2208 libri
1069 2156 1141 2205 ita
1163 2156 1274 2206 haec
1300 2155 1455 2206 verba
1480 2156 1775 2219 prodidere,
1802 2158 1949 2209 Vides
1961 2157 2318 2210 Diocletianum
2331 2157 2716 2211 Maximianus·-

527 2231 617 2275 αεὶ·
656 2226 838 2276 Vides?
887 2225 990 2274 Sed
1015 2222 1286 2287 sequimur
1317 2222 1631 2286 scripturam
1664 2224 1905 2274 codicum
1933 2232 2199 2285 veterum3
2226 2239 2377 2290 quam
2408 2224 2566 2274 etiam
2592 2240 2713 2289 pro·

492 2242 639 2340 gavit
662 2291 954 2341 Gruterus:
995 2295 1077 2338 est
1107 2289 1243 2337 enim
1278 2301 1374 2351 pro
1400 2289 1600 2337 ratione
1626 2288 1853 2354 abrupte
1877 2291 2194 2354 loquentium
2219 2289 2432 2353 aptior!
2465 2290 2713 2340 Schwarz.

492 2356 644 2416 Mox,
665 2356 798 2404 ambo
820 2360 951 2416 sunt,
971 2367 1068 2403 una
1088 2358 1199 2402 sunt
1220 2352 1478 2417 Sigonius·
1519 2354 1536 2382 ‘
1557 2355 1899 2419 Puteolanus,
1911 2355 2213 2417 Rhenanus,
2232 2355 2712 2416 Navius,Duacen-

495 2422 588 2476 sis,
609 2428 665 2468 et
684 2421 754 2469 H.
775 2420 1069 2483 Stephanus
1093 2419 1427 2482 evulgarunt,
1452 2419 1610 2476 Quum
1630 2420 1807 2470 invicti
1824 2423 1987 2470 sedent
2006 2420 2031 2471 Ι
2065 2422 2261 2471 Noster
2284 2421 2471 2483 codex,
2495 2428 2548 2470 et
2573 2421 2712 2472 alter

496 2485 666 2534 Gudii
691 2485 843 2541 liber,
861 2492 914 2534 et
941 2482 1245 2546 cuspiniani
1270 2484 1431 2534 editio
1454 2485 1723 2541 exhibent.
1749 2485 2071 2547 Quumjuneti
2087 2483 2287 2535 sedent!
2330 2486 2500 2534 Etiam
2519 2484 2703 2535 Acida-

492 2550 594 2599 lins
618 2552 847 2600 monuit:
891 2556 906 2578 ⁴
924 2549 1086 2611 Lege,
1106 2564 1249 2612 quam
1262 2549 1425 2610 juncti
1446 2552 1631 2613 sedent,
1668 2559 1727 2602 ut
1751 2565 1927 2614 supra,
1963 2558 1978 2580 ⁴
1997 2550 2228 2612 ‘unctis,'
2269 2563 2365 2614 pro
2397 2551 2413 2579 ‘
2435 2550 2715 2603 invictis.'’

492 2614 784 2679 Praeterea‚
815 2623 952 2666 teste
977 2615 1223 2670 Grutero,
1256 2615 1576 2676 Bongarsins
1600 2621 1657 2665 et
1693 2617 1961 2666 Puteanus
1982 2567 2067 2667 eric
2099 2617 2394 2666 maluerunt
2419 2614 2583 2676 juncti
2597 2631 2619 2673 ,⁰
2652 2623 2710 2666 at

496 2681 857 2741 verojunctim,
880 2682 1015 2745 quod
1041 2681 1243 2728 notavit
1263 2679 1551 2736 Livineius,
1572 2680 1770 2731 diserte
1794 2682 2062 2732 nidulatur
2080 2682 2131 2730 iu
2150 2681 2332 2731 codiee
2352 2680 2706 2741 Bertiniensi;

493 2746 631 2815 quod
656 2749 779 2798 huic
802 2748 917 2796 loco
941 2758 1089 2809 oeque
1115 2745 1376 2795 convenit.
1445 2745 1634 2810 Itaque
1658 2746 1759 2796 hoc
1772 2747 1886 2809 jam
1913 2746 2189 2811 prodidere
2216 2746 2499 2803 Gruterus,
2511 2745 2710 2795 Parisi-

494 2824 665 2875 enses,
687 2812 963 2873 cellarius,
985 2808 1235 2860 Patricole
1263 2810 1508 2859 Selium-z.
1577 2811 1749 2874 Vulgo
1770 2824 1909 2874 quam
1928 2828 1972 2864 e.
1994 2813 2282 2876 eloquuntur
2293 2826 2314 2868 ,·
2336 2811 2460 2859 Vet.
2478 2811 2704 2861 Putean-

495 2876 698 2927 Bertin.
721 2877 1064 2927 Schwarzian.
1089 2874 1228 2925 Gud.
1256 2877 1304 2923 1.
1327 2880 1376 2924 2.
1414 2875 1548 2924 Exc.
1569 2875 1724 2925 Voss.
1748 2886 1801 2925 et
1825 2877 1943 2926 edd.
1965 2884 2189 2928 recentt.
2223 2890 2361 2939 qaam
2374 2890 2418 2924 e.
2440 2876 2709 2938 colloquan-

496 2947 691 2991 ἕνη-6
729 2943 885 2991 Nemo
904 2941 1081 2999 dudio,
1102 2954 1237 2989 acmo
1264 2955 1358 3003 pur
1378 2939 1485 2999 fuit
1512 2941 1664 2990 oculis
1681 2941 2055 3002 distinendam,
2089 2942 2345 3008 probante
2377 2940 2672 2991 Schwarsio
2687 2960 2709 3004 ς

493 3007 651 3055 studio
669 3022 845 3056 summo
862 3007 997 3068 conj.
1019 3005 1208 3055 Arntz.

563 3073 699 3120 Ciu».
719 3086 822 3122 ιιι.
856 3076 881 3122 1
919 3070 1054 3122 Edd.
1077 3077 1207 3120 vett.
1226 3068 1281 3118 ia
1303 3068 1504 3132 modico,
1526 3082 1622 3133 pro
1642 3069 1905 3121 immodico.
1936 3070 2056 3120 Vox
2079 3071 2203 3120 elatu
2226 3069 2378 3120 deest
2401 3069 2455 3119 in
2473 3067 2707 3133 Guelpb.

497 3134 752 3187 Cellarius
798 3151 896 3203 pro
941 3151 1108 3200 vosque
1150 3133 1317 3185 edidit
1360 3146 1523 3197 usque.
1592 3135 1742 3191 Mox,
1778 3149 1874 3200 pro
1903 3136 2134 3194 caninas,
2165 3134 2398 3201 Guelpb.
2429 3134 2587 3205 babet
2618 3149 2715 3199 qno

1414 3302 1423 3311 ·
1489 3280 1713 3333 No'rAE

558 3397 585 3432 ὃ
616 3395 837 3461 Limina]
872 3397 1116 3447 Fortasse
1144 3395 1367 3446 culmina.

559 3484 582 3510 θ
642 3475 986 3538 Colloquatur
1025 3471 1354 3540 [eloquantur]
1405 3474 1561 3525 Collo·

493 3558 704 3619 quantur
736 3551 1083 3602 Bertiniensis
1120 3550 1328 3611 codex;
1361 3549 1461 3601 sed
1495 3565 1561 3602 eo

496 3631 659 3680 verbo
693 3630 804 3695 jam
850 3628 1197 3679 Mamertinus
1234 3642 1356 3678 usus
1390 3634 1473 3678 est
1504 3627 1559 3676 in

496 3708 763 3772 superiore
786 3708 989 3771 Paneg.
1018 3720 1138 3770 cap.
1175 3718 1258 3755 tx.
1294 3703 1475 3755 ‘Adeo
1497 3703 1559 3754 fi-

497 3784 641 3847 dum,
681 3782 1070 3848 fraternumque
1117 3780 1220 3832 fuit
1265 3779 1396 3832 illud
1448 3783 1559 3833 elo-

412 3867 418 3875 ·
493 3858 711 3925 quium!

569 3934 590 3969 f
612 3935 841 3986 Gentium
873 3937 1082 3999 domina,
1116 3934 1293 3999 Roma]
1329 3937 1460 3986 Pau.
1491 3949 1560 3987 n.

493 4017 543 4062 2.
566 4015 582 4042 ⁶
598 4013 908 4062 Immortalis
929 4021 1075 4063 ortus
1091 4013 1314 4064 dominae
1329 4013 1560 4077 gentium

496 4089 757 4141 civitatis.'
807 4091 937 4154 Cap.
960 4093 1042 4140 14.
1061 4091 1125 4139 ad
1151 4090 1399 4141 Romam:
1437 4094 1452 4119 ⁶
1471 4090 1561 4140 In—

497 4166 652 4217 terim
677 4174 851 4217 tamen
872 4174 924 4216 te
950 4166 1181 4230 gentium
1206 4165 1452 4217 domina.’
1488 4166 1561 4216 Et

496 4244 630 4297 Pan.
653 4256 709 4295 x.
729 4248 812 4299 35.
837 4244 853 4274 ‘
869 4243 1060 4293 Arcem
1077 4242 1304 4294 omnium
1324 4242 1560 4308 gentium

1643 3403 1700 3448 et
1734 3403 1987 3448 terrarum
2025 3395 2318 3461 Reginam.’
2382 3395 2451 3446 Et
2473 3393 2710 3447 Martial.

1643 3488 1755 3525 ιιι.
1787 3479 1836 3528 8.
1867 3477 2180 3526 ‘Terrarum
2219 3476 2335 3527 Dea
2369 3472 2708 3537 gentiumque

1642 3553 1829 3612 Roma,
1852 3554 1950 3605 Cui
1985 3570 2080 3618 par
2111 3558 2192 3603 est
2225 3552 2353 3603 nihil
2389 3558 2445 3602 et
2468 3550 2595 3600 nibil
2626 3564 2710 3601 se·

1640 3630 1906 3681 cundumss
1971 3631 2108 3681 Vide
2133 3628 2368 3694 Lipsium
2391 3626 2458 3677 de
2479 3626 2711 3691 Magnit.

1640 3707 1795 3760 Rom.
1817 3721 1868 3756 c.
1886 3711 1937 3757 2.
2644 3766 2651 3773 ,

1705 3791 1733 3828 ⁸
1765 3782 2007 3848 Specalis]
2054 3780 2275 3832 Romani
2317 3780 2461 3830 cives
2502 3784 2709 3851 montes

1639 3874 1759 3909 suos
1782 3858 2224 3914 conscendebant,
2240 3855 2441 3907 atinde
2459 3862 2708 3920 tanquam

1639 3951 1707 3985 ex
1731 3937 1848 3987 altis
1871 3935 2097 4002 speculis
2117 3933 2466 3985 adventantes
2485 3932 2711 3996 impera-

1642 4019 1783 4063 tores
1806 4010 2003 4062 eminus
2025 4011 2337 4076 aspicerent.

1705 4086 1732 4122 ¹¹
1752 4088 1991 4152 Lamina]
2025 4088 2194 4138 Lusus
2218 4087 2270 4136 in
2295 4084 2476 4136 verbo.
2542 4084 2711 4134 Roma

1642 4165 1759 4229 ipsa
1800 4172 1860 4214 ut
1916 4178 2007 4215 vos
2061 4164 2415 4226 conspiceret,
2467 4160 2711 4212 accessit.

1640 4241 1744 4294 Qui
1769 4228 1956 4306 por'ro?
1989 4239 2111 4306 quia
2134 4238 2276 4289 misit
2291 4237 2355 4287 ad
2382 4249 2475 4286 vos
2496 4241 2710 4286 senatus
