3084 4959
478 360 656 427 1222
1038 375 1484 426 nanum-rm
1533 375 2132 428 essert-tuscus

481 521 876 589 salubritate
929 527 1324 605 temporum,
1368 525 1436 585 et
1475 520 1825 587 fertilitate
1870 529 2216 589 terrarum.
2292 521 2365 589 3.
2410 523 2687 593 Revera

481 626 683 703 enim,
715 623 1152 689 sacratissimi
1193 622 1665 707 Imperatores,
1696 626 1950 690 scimus
1980 645 2239 707 omnes,
2266 631 2448 707 ante,
2478 647 2691 712 quamx

478 747 606 794 vos
636 728 927 793 salutem
958 725 1351 811 reipublicae
1384 725 1833 808 reddideritiS,
1856 735 2115 813 quanta
2141 728 2399 811 frugum
2428 729 2684 814 inopia,

481 835 739 914 quanta
780 829 1086 895 funerum
1133 829 1335 913 copia
1370 828 1525 909 fuit,
1557 828 1735 895 fame
1765 831 2029 915 passim
2065 831 2457 917 morbisque
2502 852 2687 915 gras-

480 932 809 997 santibus.
897 931 994 999 Ut
1033 951 1191 998 vero
1228 932 1448 997 lucem
1481 933 1794 1016 gentibus
1825 935 2195 1014 extulistiS,
2226 936 2472 1001 exinde
2502 938 2685 1003 salu·

479 1039 661 1099 tares
701 1032 979 1118 spiritus
1000 1034 1247 1119 jugiter
1273 1042 1564 1101 manant.
1652 1037 1717 1102 4.
1761 1035 2016 1103 Nullus
2043 1056 2201 1121 ager
2226 1037 2402 1104 fallit
2430 1040 2691 1122 agrico-

477 1135 636 1215 lam,
667 1137 798 1202 nisi
837 1138 1021 1223 quod
1060 1157 1251 1221 spem
1288 1140 1595 1203 ubertate
1625 1147 1923 1222 superat.
2012 1139 2387 1207 Hominum
2417 1145 2685 1220 aetates,

480 1244 549 1302 et
575 1248 927 1305 numerus⁸
955 1248 1253 1321 augetur.
1326 1242 1396 1307 5.
1430 1240 1787 1325 Rumpunt
1813 1243 2052 1308 horrea
2080 1244 2371 1310 conditae
2397 1262 2682 1321 messeS,

476 1346 546 1402 et
584 1347 808 1406 tamen
846 1343 1109 1408 cultura
1147 1341 1556 1425 duplicatur.
1644 1341 1783 1408 Ubi
1824 1342 2041 1427 sylvae
2067 1344 2279 1424 fuere,
2299 1345 2448 1429 jam
2490 1362 2684 1426 seges

476 1449 624 1508 est:
669 1444 1008 1523 metendo,
1036 1452 1101 1510 et
1127 1445 1607 1510 vindemiando
1638 1444 2012 1511 deficimus.

566 1542 670 1610 CA
683 1562 746 1611 1³.
790 1562 956 1613 xvi.
1021 1550 1089 1612 1.
1133 1548 1312 1613 Illud
1340 1567 1525 1628 vero,
1555 1567 1690 1613 non
1716 1553 2104 1633 suggeratur
2128 1548 2305 1625 licet,
2335 1546 2683 1633 quomodo

476 1645 723 1727 dicam,
753 1654 928 1716 ante‘
948 1670 1150 1733 quam
1190 1651 1482 1716 desinam
1500 1652 1531 1716 ‘t
1576 1656 1830 1718 tantam
1868 1670 2024 1717 esse
2049 1651 2318 1735 imperii
2348 1651 2554 1716 vestri
2581 1649 2680 1714 fe-

475 1748 824 1833 licitatem,
864 1759 941 1817 ut
984 1752 1279 1837 undique
1327 1774 1402 1818 se
1444 1755 1752 1820 barbarae
1798 1753 2108 1819 nationes
2147 1754 2452 1819 vicissim
2495 1754 2684 1818 lace-

476 1860 627 1916 rent
651 1859 721 1918 et
749 1854 1113 1935 excidant3
1157 1855 1434 1920 alternis
1464 1855 2016 1922 dimicationibus
2049 1861 2115 1922 et
2156 1855 2423 1921 insidiis
2450 1854 2684 1921 clades

476 1971 643 2019 suas
683 1955 1051 2039 duplicent,
1080 1964 1150 2021 et
1191 1942 1602 2037 instaurent3
1647 1957 2068 2023 Sarmaticas
2111 1963 2395 2035 vestras,
2422 1963 2492 2022 et
2521 1955 2682 2021 Rae-

474 2055 670 2134 ticas,
699 2064 770 2122 et
805 2059 1354 2125 Transrhenanas
1394 2060 1870 2143 expeditiones
1895 2059 2124 2125 furore
2153 2060 2439 2145 percitae
2469 2060 2541 2125 in
2571 2078 2690 2124 sem

470 2165 608 2224 met
645 2159 994 2228 imitentur.
1080 2162 1144 2227 2.
1191 2162 1441 2228 Sancte
1484 2160 1776 2245 Jupiter,
1806 2168 1877 2227 et
1921 2161 2261 2228 Hercules
2305 2163 2502 2241 bone,
2532 2168 2681 2226 tan-

474 2259 624 2324 dem
666 2262 848 2329 bella
893 2264 1120 2329 civilia
1165 2266 1256 2331 ad
1295 2270 1543 2346 genteS‚
1574 2265 1695 2331 illa
1725 2265 2052 2349 vesania⁸
2096 2264 2359 2347 dignas,
2390 2268 2687 2330 transtu·

473 2362 677 2443 listis,
696 2383 1096 2452 omnemque
1129 2367 1313 2432 illam
1335 2369 1591 2433 rabiem
1618 2375 1813 2433 extra
1844 2368 2162 2433 terminos
2192 2367 2394 2452 hujus
2413 2367 2678 2451 imperii

1393 2532 1483 2556 m
1487 2534 1722 2556 OOOOOOO
1727 2535 1757 2555 O

473 2620 733 2675 Schwartz.
754 2627 810 2672 et
831 2621 1027 2687 Jaeger.
1049 2631 1104 2673 et
1134 2626 1213 2676 sic
1242 2627 1378 2690 conj·
1402 2627 1674 2678 Livia—3
1709 2627 1915 2683 Reum-m
1936 2621 2255 2675 sacratissime
2274 2621 2530 2685 imperator
2548 2623 2680 2673 Ber-

474 2688 568 2736 tiu.
586 2686 800 2750 Cuspiu.
822 2694 878 2738 et
900 2689 1022 2738 edd.
1040 2697 1159 2740 ante
1180 2691 1440 2742 Schwarz.
1493 2694 1682 2743 Revera
1702 2694 1845 2755 enim,
1864 2688 2179 2740 sacratissimi
2197 2689 2506 2752 imperatores
2523 2687 2685 2743 codd„

474 2752 816 2805 Schwarzian.
840 2752 1068 2817 Guelpb.
1119 2757 1245 2806 enim
1267 2758 1415 2808 abest
1438 2773 1469 2806 a
1489 2758 1664 2808 vossii
1689 2757 1972 2819 excerptis.
2026 2753 2290 2804 redderetis
2309 2754 2434 2805 Exc.
2449 2754 2604 2804 Voss.
2620 2760 2677 2803 et

472 2831 651 2866 omues
671 2816 790 2868 edd.
814 2823 936 2869 ante
959 2820 1114 2870 Grut.
1163 2822 1508 2885 quoesunerum
1533 2823 1669 2887 copia
1700 2822 1926 2884 Guelpb.
1979 2818 2282 2883 copiufuerit
2303 2833 2332 2866 e
2358 2819 2492 2882 conj.
2512 2818 2679 2868 edidit

471 2882 727 2933 Schwarz.
748 2897 970 2949 eumque
992 2893 1203 2936 secutus
1233 2897 1317 2937 est
1336 2889 1634 2952 δωρεὴ-4
1668 2887 1684 2915 ‘
1707 2889 1857 2948 Sunt,
1881 2886 1968 2951 qui
1998 2883 2260 2934 solicitent
2283 2898 2466 2933 nomen
2488 2889 2678 2934 etates.

471 2947 754 2998 Rhenanus
776 2956 947 3012 putat,
970 2947 1146 3001 forsan
1166 2953 1461 3016 legendum,
1479 2957 1600 3002 oetas
1619 2958 1666 3003 et
1686 2967 1781 3003 res.
1843 2950 1947 3001 Sed
1971 2949 2037 2999 de
2061 2955 2342 3013 augmento
2364 2963 2532 2999 rerum
2557 2964 2679 2999 mox

469 3013 585 3077 agit
600 3013 654 3063 Μ
662 3015 963 3072 amen-tinus,
984 3016 1152 3078 quide
1176 3017 1429 3068 industria
1450 3033 1665 3068 numero
1686 3016 2050 3078 multitudinis,
2063 3020 2251 3071 etates,
2270 3029 2388 3065 usus
2404 3028 2514 3065 esse
2534 3015 2679 3065 vide-

472 3085 578 3139 tur,
611 3087 669 3127 ut
706 3079 1044 3144 signiticaret,
1080 3080 1258 3132 borum
1297 3084 1669 3147 imperatorum
1705 3098 1816 3133 aevo
1850 3083 2027 3147 plures
2055 3081 2309 3142 homines,
2342 3085 2401 3129 et
2426 3093 2596 3136 senes,
2619 3087 2680 3130 et

472 3151 706 3206 vegetos,
726 3152 784 3195 et
806 3146 1180 3205 adolescentes,
1205 3150 1400 3198 vivere.
1464 3151 1574 3200 Pro
1597 3154 1852 3211 augentur,
1877 3146 2084 3212 quidam
2099 3146 2216 3195 libri
2234 3144 2425 3196 babent
2443 3143 2683 3207 augetur?

468 3207 726 3258 Scbwnrz.
783 3210 922 3261 Vide
968 3212 1118 3262 Nott.
1156 3213 1308 3264 Varr.
1361 3215 1486 3265 Sine
1520 3215 1674 3264 codd.
1708 3215 1903 3277 primus
1940 3215 2180 3279 augeatur
2212 3210 2446 3276 reposuit
2485 3210 2680 3260 een-r.

473 3287 696 3336 eumque
718 3276 885 3325 secuti
910 3284 1032 3326 suut
1053 3277 1309 3328 Schwarz.
1330 3288 1385 3329 et
1406 3279 1702 3344 hegen—5
1739 3278 1880 3329 Edd:
1904 3284 2035 3326 vett.
2055 3274 2284 3340 Guelpb.
2302 3282 2358 3326 et
2377 3275 2507 3326 Exc.
2524 3276 2677 3325 Voss.

470 3338 760 3399 defecimus5
782 3341 908 3391 Vet.
928 3342 1156 3392 Putean.
1179 3351 1235 3393 et
1253 3344 1397 3394 Gud·
1414 3350 1464 3394 2.
1476 3360 1592 3395 cum
1618 3345 1739 3395 edd.
1761 3343 2013 3394 Schwarz.
2037 3350 2090 3390 et
2113 3340 2309 3403 Jaeger.

537 3403 672 3454 CAP.
697 3417 817 3454 xvr.
853 3409 880 3455 1
903 3406 1094 3456 Sched.
1117 3408 1318 3472 Langii‚
1339 3411 1450 3460 licet
1470 3425 1567 3459 nou
1585 3414 1896 3472 suggeratur,
1910 3407 2083 3470 dicam,
2097 3406 2285 3455 omissa
2304 3418 2419 3454 voc.
2434 3405 2681 3467 quomodo.

472 3465 630 3518 Grut.
659 3470 883 3535 scripsit,
911 3486 1005 3521 non
1025 3486 1066 3522 s.
1089 3472 1218 3530 licet,
1246 3490 1427 3537 quoquo
1448 3477 1585 3524 modo
1605 3477 1778 3533 dicam,
1813 3478 2064 3534 antequam
2083 3470 2312 3520 asinam
2359 3469 2495 3519 Vide
2521 3470 2676 3518 Nott.

471 3532 629 3583 Varr.
684 3539 870 3585 tantum
894 3550 995 3586 esse
1028 3537 1182 3587 Grut.
1212 3546 1267 3588 et
1294 3541 1367 3589 sic
1402 3539 1631 3604 Guelph.
1651 3549 1704 3590 et
1727 3540 1860 3589 Exc.
1884 3539 2038 3587 Voss.
2092 3540 2278 3586 tantan
2297 3549 2398 3585 esse
2418 3533 2545 3583 Vet.
2565 3534 2673 3583 Pu-

471 3604 611 3647 tean.
655 3600 962 3659 felicitatem,
999 3604 1207 3667 undique
1240 3604 1362 3653 edd.
1402 3613 1522 3655 unte
1559 3606 1715 3656 Grut.
1765 3603 1835 3653 'rb
1862 3607 1919 3652 ut
1943 3605 2155 3651 servant
2186 3600 2312 3649 Vet-
2342 3598 2468 3648 Put.
2489 3598 2680 3648 Sched.
2790 3629 2794 3632 <

473 3662 681 3728 Langii,
699 3673 752 3715 et
772 3667 891 3715 edd.
917 3676 1142 3718 receutt.
1195 3671 1400 3719 laterent
1417 3671 1646 3734 Guelpb.
1700 3671 1846 3730 Mox,
1869 3669 1922 3716 in
1942 3683 1994 3718 se
2013 3666 2260 3716 imitentur
2277 3663 2399 3715 edd.
2418 3664 2683 3715 schwarz-

470 3735 523 3777 et
543 3729 842 3793 hegen—2
877 3732 1012 3782 Edd.
1038 3740 1169 3785 vett.
1188 3737 1250 3785 ad
1267 3742 1437 3797 gentes
1458 3736 1570 3786 ilias
1584 3752 1605 3796 ,-
1640 3734 1867 3800 Guelpb.
1891 3733 2031 3786 Gud.
2063 3736 2113 3784 1.
2142 3736 2194 3782 2.
2213 3731 2470 3782 Schwarz.
2491 3734 2547 3779 et
2566 3725 2700 3781 Jae-‘

1456 3866 1677 3917 No'rAE

459 3957 673 4022 jectum
713 3954 954 4010 observat
997 3959 1061 4009 sd
1108 3975 1248 4011 oram
1285 3961 1532 4011 editionis
1611 3970 1713 4015 tur.

467 4047 578 4083 suae
624 4033 902 4085 Livineius.
967 4034 1094 4086 Mox
1122 4044 1293 4101 potes:
1335 4040 1421 4088 alii
1458 4040 1529 4089 le·
1677 4047 1701 4073 ⁸
1734 4038 1830 4088 1110
1870 4037 2032 4103 [illas]
2070 4032 2288 4098 vesania]
2350 4030 2435 4081 An
2470 4030 2576 4093 itta,
2614 4037 2678 4082 ut

468 4116 599 4174 Eunt
616 4114 789 4171 1²⁰¹ssss-
1373 4140 1378 4141 ν
1463 4127 1472 4134 ·
1609 4114 1871 4185 referatur
1902 4116 1966 4164 ad
2001 4115 2204 4177 gentes?
2254 4109 2344 4161 Ita
2375 4108 2674 4174 suspicatur

530 4194 552 4220 ⁸
581 4188 787 4244 ditum,
804 4191 850 4237 et
870 4188 1111 4253 uumerus]
1144 4191 1213 4241 Et
1235 4191 1427 4242 diutius
1450 4192 1526 4242 vi·
1606 4192 1890 4245 Livineius.

467 4272 599 4316 runt
640 4265 892 4326 homines,
937 4276 993 4319 et
1043 4271 1218 4334 plures
1271 4285 1528 4336 generan-
