3084 4959
491 335 665 402 1314
1506 350 1691 398 vri-A

493 499 727 563 durum
759 500 1034 580 propter
1061 492 1454 559 affinitatem
1501 490 1954 558 Constantino
2001 492 2376 574 videretur3
2425 484 2697 577 adper-

490 620 729 665 ennem
772 600 942 666 inter
985 618 1061 662 se
1102 596 1493 671 firmandam
1531 595 1988 674 concordiam,
2030 616 2184 662 cum
2226 596 2492 663 Licinio
2538 616 2698 661 con-

489 704 689 779 venit,
719 707 798 765 ut
823 701 1106 785 Crispus
1137 707 1275 765 tum
1308 697 1693 783 quindecim
1723 718 2038 763 annorum
2059 699 2479 776 adolescenS,
2512 699 2697 765 Con·

489 806 821 870 stantinus
855 803 1094 887 paucis
1143 807 1296 867 ante
1345 800 1686 865 mensibus
1736 798 2008 865 Arelate
2038 808 2245 879 ortus,
2275 821 2357 872 ac
2391 801 2696 865 Licinius

491 926 611 971 seu
643 907 1037 972 Licinianus
1085 904 1331 970 Licinii
1376 902 1557 987 Aug.
1609 903 1809 981 filius,
1838 906 2193 982 mensium,
2243 911 2319 969 ut
2369 911 2555 969 recte
2602 906 2697 969 ait

499 1006 754 1088 Victor,
804 1029 933 1073 non
984 1027 1326 1084 annorum,
1376 1012 1452 1072 ut
1505 1007 1827 1072 Zosimus
1874 1007 2037 1083 vult,
2081 1008 2337 1090 viginti,
2382 1007 2696 1073 Caesares

490 1111 695 1176 simul
722 1112 999 1177 fierent:
1047 1109 1206 1174 Kal.
1242 1109 1530 1186 MartiiS,
1574 1117 1650 1173 ut
1686 1110 1984 1175 referunt
2030 1103 2317 1189 Idatius,
2366 1117 2437 1175 et
2483 1110 2694 1177 Chro-

487 1214 688 1279 nicon
720 1212 1278 1277 Alexandrinum.
1370 1210 1569 1290 Quod
1625 1212 1844 1278 foedus
1890 1213 2071 1277 haud
2122 1213 2504 1278 diuturnum
2551 1211 2692 1279 sore

489 1315 752 1381 defectu
782 1315 946 1379 solis
970 1314 1078 1378 his
1101 1316 1343 1380 diebus
1370 1311 1519 1381 orto
1550 1314 1966 1398 patefactum
1993 1317 2091 1381 ait
2114 1316 2406 1399 vulgaris
2430 1314 2692 1382 Victor.

574 1500 660 1566 A.
697 1502 786 1567 U.
811 1501 886 1565 C.
922 1516 1216 1563 MLXXt.
1263 1499 1509 1566 Christi
1542 1516 1910 1565 cccxvm.
1956 1499 2189 1566 Const.
2223 1501 2404 1586 Imp.
2441 1518 2620 1567 xm.

1356 1603 1571 1668 AEtat.
1608 1619 1824 1667 xnvr.

574 1720 1066 1786 Constantinus
1097 1722 1362 1786 Licinio
1399 1720 1572 1804 Aug.
1608 1739 1676 1787 V.
1712 1724 1979 1788 consuli
2005 1724 2321 1809 Crispum
2354 1722 2691 1789 Caesarem

487 1822 810 1906 collegam
846 1823 1027 1887 facit.
1911 1841 1918 1846 ’

549 1993 638 2094 A:
671 1993 859 2060 U.C.
899 2008 1223 2058 mnxxu.
1302 1992 1553 2059 Christi
1585 2008 1908 2062 cccx1X.
1953 1994 2223 2061 ·Const.
2256 1995 2432 2080 Imp.
2462 2011 2627 2060 xw.

1339 2096 1549 2160 AEtat.
1592 2112 1838 2160 xnvu.

574 2212 1052 2279 Constantinus
1086 2230 1159 2276 v.
1189 2213 1428 2279 consul
1455 2212 1723 2278 Licinio
1753 2214 2028 2282 Caesare
2060 2217 2318 2301 collega
2340 2218 2692 2283 Sarmatas

485 2323 552 2380 et
604 2316 870 2381 Gothos
924 2315 1317 2380 Danubium
1376 2317 1749 2399 transgredi
1801 2336 2006 2383 ausos
2068 2320 2401 2404 profligat,
2457 2320 2691 2386 occiso

482 2435 712 2482 eorum
743 2437 897 2500 rege
928 2410 1403 2482 Rausimodo.'
1467 2417 1717 2503 Coepta
1749 2427 1854 2486 est
1884 2421 2009 2487 hoc
2042 2442 2213 2487 anno
2241 2421 2594 2488 Liciniana
2617 2423 2688 2487 in
2781 2403 2788 2420 “

485 2518 908 2585 'Christianos
942 2520 1352 2605 persecutiO.

567 2669 657 2736 A.
689 2671 781 2736 U.
807 2671 885 2737 C.
924 2686 1280 2736 Muxxm.
1355 2671 1607 2737 Christi
1638 2689 1924 2739 cccxx.
1993 2675 2225 2743 Const.
2258 2677 2435 2764 Imp.
2469 2694 2602 2743 xv.

1318 2774 1526 2840 AEtat.
1561 2790 1845 2840 xnvm.

570 2894 751 2958 Dum
783 2892 1272 2958 Constantinus
1305 2889 1485 2975 Aug.
1517 2910 1623 2959 v1.
1664 2895 1902 2959 consul
1937 2895 2385 2965 Constantino
2416 2898 2689 2967 Caesaro

480 2996 738 3078 collega
785 2995 1161 3061 Sarmatico
1222 2996 1404 3061 bello
1466 3004 1652 3062 esset
1709 2998 2030 3076 intentuS,
2095 3000 2356 3066 interim
2406 3001 2687 3087 Crispus

482 3098 739 3186 Caesar,
784 3099 1101 3183 idemque
1157 3101 1479 3183 princeps
1528 3100 1938 3185 juventutiS,
1986 3103 2056 3167 in
2113 3104 2361 3172 Galliis
2408 3127 2450 3171 a
2500 3113 2687 3192 patre

480 3202 784 3280 relictus,
813 3201 1109 3266 Francos
1140 3209 1206 3266 et
1236 3199 1606 3268 Alamanos
1635 3204 1856 3270 media
1882 3205 2120 3290 hyeme
2149 3209 2422 3274 delevit.
2472 3240 2475 3243 ⁴

568 3367 658 3434 A.
691 3369 779 3434 U.
812 3369 891 3434 C.
929 3386 1269 3435 Mnxx1v.
1318 3371 1567 3437 Christi
1601 3388 1915 3437 cccxxl.
1965 3371 2203 3470 Const.
2235 3349 2407 3460 Imp.
2448 3394 2615 3442 xvr.

1332 3474 1553 3539 AEtat.
1589 3490 1818 3539 xmx.

568 3589 813 3674 Crispo
836 3590 1114 3657 Caesare
1141 3608 1225 3655 ιι.
1255 3598 1320 3657 et
1344 3593 1794 3660 Constantino
1817 3594 2095 3661 Caesare
2123 3614 2208 3662 11.
2240 3618 2418 3664 cosS.
2468 3598 2685 3678 Quin-

478 3694 838 3776 quennalia
870 3697 1243 3779 utriusque,
1278 3716 1433 3778 quae
1478 3698 1544 3761 in
1579 3713 1713 3761 XV.
1762 3695 2195 3765 Constantini
2239 3722 2485 3767 annum
2519 3702 2687 3767 inci·

482 3793 755 3873 debant,
787 3816 1024 3879 magna
1059 3818 1318 3882 pompa
1351 3799 1694 3867 celebrata
1725 3807 1902 3867 sunt.

481 3959 694 4028 A..U.
719 3963 798 4029 C.
834 3981 1176 4030 mnxxvr.
1232 3967 1484 4033 Christi
1519 3977 1911 4035 cccxxm.
1971 3970 2204 4039 Const.
2239 3972 2414 4058 Imp.
2449 3988 2680 4037 xvm.

1233 4105 1238 4111 -
1360 4071 1576 4136 AEtat.
1610 4089 1712 4137 ιι.

472 4243 481 4256 ,
570 4180 1085 4249 Constantinum
1139 4185 1314 4251 inter
1343 4194 1417 4252 et
1467 4189 1809 4257 Licinium
1862 4194 2338 4279 redintegratur
2387 4195 2679 4261 bellum:
