3084 4959
2411 313 2585 380 1345

378 464 769 551 Psineipum
814 466 1065 563 pietate
1108 467 1512 543 meminisse,
1542 468 1861 534 laudibus
1908 471 2245 538 celebrare
2291 492 2580 556 praesen-

381 565 564 634 tem.f

466 670 645 736 CAP.
696 689 779 738 11.
851 671 918 738 1.
962 672 1030 738 A
1060 673 1278 756 primo
1308 673 1508 756 igitur
1539 675 1863 758 incipiam
1896 676 2176 759 originis
2204 684 2341 742 tuae
2373 683 2583 744 numi·
2667 683 2676 692 '

378 793 487 853 ne,
543 776 729 859 quod
780 776 1085 861 plerique
1131 776 1351 840 adbuc
1400 777 1686 843 fortasse
1735 780 2102 855 nesciunt,g
2147 779 2289 857 sed,
2343 782 2461 865 qui
2514 791 2582 848 to

378 885 609 944 amant
649 880 1026 963 plurimum,
1074 880 1313 944 sciunt.
1401 880 1466 944 2.
1509 877 1625 944 Ab
1668 881 1789 945 illo
1833 882 2011 946 enim
2054 881 2239 947 Divo
2283 882 2580 951 Claudio

377 988 607 1052 manat
634 983 702 1048 in
732 988 799 1047 te
830 983 1018 1047 avita
1057 983 1396 1064 cognatio,
1429 983 1543 1064 qui
1577 981 1874 1048 Romani
1901 985 2162 1067 imperii
2192 987 2486 1053 solutam
2514 995 2582 1055 et

376 1082 709 1166 perditam
752 1085 1175 1168 disciplinam
1215 1085 1474 1167 primus
1514 1084 1920 1163 reformavit,
1948 1087 2409 1173 immanesque
2436 1091 2577 1157 Go-

377 1185 640 1251 thorum
697 1184 992 1270 eopiaS‚¹²
1057 1186 1262 1252 Ponti
1323 1185 1633 1251 saucibus
1684 1199 1754 1254 et
1803 1188 1966 1254 Istri
2023 1209 2135 1270 ote
2196 1204 2579 1279 proruptas,

377 1295 552 1354 terra
593 1292 890 1375 marique
934 1290 1229 1372 delevit3
1291 1292 1543 1357 utinam
1581 1290 2002 1358 diuturnior*
2053 1285 2406 1361 ³reereator
2455 1297 2575 1361 ho-

376 1393 654 1471 minum,
714 1414 918 1476 quam
976 1393 1304 1458 maturior
1368 1392 1667 1458 Deorum
1727 1396 2010 1462 eomes!
2114 1395 2179 1460 3.
2244 1396 2578 1476 Quamvis

377 1495 578 1577 igitur
626 1491 776 1561 illej
834 1496 1266 1562 felicissimus
1320 1496 1489 1572 dieS,
1540 1497 1852 1581 proxima
1901 1499 2221 1581 religione
2281 1502 2574 1568 celebra-

377 1604 512 1676 tuS‚
555 1599 821 1683 imperii
867 1585 973 1666 tui
1015 1601 1260 1665 natalis
1306 1599 1661 1673 habeatur,
1721 1602 2043 1684 quoniam
2087 1609 2157 1667 te
2210 1603 2344 1667 isto
2387 1603 2576 1700 habi3

377 1707 453 1766 tu
493 1702 751 1785 primus
798 1704 1080 1781 ornavit,
1113 1703 1262 1787 jam
1303 1709 1524 1767 tamen
1576 1704 1665 1768 ab
1713 1704 1833 1769 illo
1883 1706 2141 1790 generis
2188 1714 2462 1772 auctore
2506 1709 2578 1772 in

374 1808 442 1869 te
471 1804 730 1890 imperii
758 1806 1029 1873 fortuna
1050 1805 1424 1871 descendit.
1493 1808 1561 1870 4.
1608 1805 2003 1885 Quinimmo
2023 1804 2048 1842 ¹³
2078 1808 2302 1892 ipsum
2323 1816 2578 1892 patrem

375 1910 558 1972 tuum
597 1915 795 1973 vetus
843 1908 963 1974 illa
992 1909 1439 1992 imperatoriae
1469 1906 1710 1972 domus
1757 1911 2203 1993 praerogativa
2242 1913 2576 1994 provexit,

946 319 1489 372 consummo
1538 306 1719 374 Αυὰ.
1795 312 2022 375 νιι.2.

1293 2056 1501 2078 ‘omn
1506 2056 1658 2077 “O“

376 2133 604 2201 Guelph.
640 2140 769 2191 Exn.
804 2141 959 2192 Voss.
995 2142 1124 2192 Exe.
1162 2142 1450 2194 Schonbov.
1484 2142 1644 2193 Grut.
1684 2149 1741 2192 et
1777 2148 1995 2192 reeentt.
2025 2142 2248 2205 pietatem
2284 2143 2405 2192 edd.
2444 2151 2578 2197 vett.

369 2204 567 2267 pietate,
590 2220 652 2253 ex
678 2206 815 2268 conj.
853 2207 1200 2265 Rittershusii,
1240 2210 1436 2274 primus
1461 2209 1632 2259 edidit
1662 2207 1859 2259 ‘Cellaiu
1885 2222 2104 2274 eumque
2135 2211 2304 2259 secuti
2342 2209 2578 2261 Patarol.

373 2270 566 2326 Jaener.
587 2278 640 2320 et
668 2279 895 2322 reeentt.
1767 2309 1772 2314 .

441 2335 573 2384 CAP.
595 2350 660 2385 11.
715 2341 747 2386 2
780 2335 1009 2398 Guelph.
1048 2345 1103 2388 et
1143 2339 1274 2388 Exc.
1294 2338 1451 2387 Voss.
1486 2344 1663 2388 manet.
1728 2345 1746 2368 ‘
1766 2339 1908 2387 Male
1932 2337 2160 2402 Guelpb.
2183 2346 2238 2389 et
2261 2339 2392 2389 Exc.
2424 2340 2578 2390 Voss.

372 2400 573 2449 solutam
594 2416 694 2450 esse
713 2407 762 2451 et
786 2402 1061 2466 perditam!
1095 2400 1276 2453 Arntz.
1324 2404 1555 2468 potestati
1573 2402 1802 2464 saucibus
1824 2404 1994 2453 Livin.
2046 2405 2197 2454 Ponti
2211 2405 2437 2465 saucibus
2458 2406 2579 2455 Vet-

377 2465 542 2514 Livin.
582 2467 796 2531 Cuspin.
840 2468 1071 2517 Rhenan.
1108 2468 1335 2533 Guelph.
1368 2478 1424 2519 et
1465 2470 1597 2518 Exe.
1637 2469 1790 2517 Voss.
1838 2469 1960 2518 Ism'
1997 2484 2083 2518 ora
2120 2469 2244 2519 Vet.
2285 2471 2576 2534 Putem.—

373 2530 619 2581 S-Barth.
655 2533 790 2595 conj.
823 2532 974 2591 itlef.
1010 2534 1111 2582 dies
1146 2534 1267 2589 Diis
1296 2534 1534 2598 proxima,
1572 2538 1655 2597 εἷο.
1722 2534 1869 2590 Μοκ,
1911 2535 2102 2598 imperii
2139 2533 2292 2585 deest
2332 2538 2382 2585 in
2423 2536 2577 2586 codd.

373 2594 542 2644 Moerl.
567 2596 795 2661 Guelpb.
818 2607 874 2648 et
899 2599 1025 2647 Eae.
1048 2597 1295 2649 Voss.—4
1319 2599 1441 2656 Quia
1461 2600 1591 2649 enim
1609 2599 1795 2648 omnino
1815 2599 1970 2662 ipsum
1988 2606 2175 2662 patrem
2195 2606 2331 2649 tuum
2346 2601 2574 2665 Guelph.

375 2658 497 2715 Quis
515 2664 644 2710 enim
669 2664 813 2713 immo
846 2661 999 2727 ipsa'm
1022 2669 1206 2726 patrem
1226 2670 1360 2713 tuum
1383 2666 1518 2713 Exe.
1538 2665 1693 2712 Voss.
1716 2664 1849 2712 unde
1878 2663 2058 2714 Arntz.
2095 2666 2234 2729 conj.
2264 2667 2397 2722 Quid
2423 2667 2581 2718 enim?

371 2724 512 2775 immo
543 2727 697 2789 ipsum
725 2734 915 2794 patrem
946 2734 1093 2779 tuum.
1160 2729 1295 2779 Edd.
1320 2737 1451 2781 vett.
1485 2730 1757 2787 Quinimmo
1779 2735 1965 2793 patrem
2000 2735 2134 2780 tuum
2152 2733 2304 2795 ipsum
2317 2748 2338 2791 ,-
2371 2733 2577 2783 Bertin.

1365 2828 1584 2880 NOTAE

439 2915 459 2954 ¹
490 2922 738 2974 Celebrare
752 2926 1056 2990 proesentem]
1092 2926 1173 2975 Ex
1202 2925 1282 2976 his
1316 2940 1431 2976 ver-

369 2999 450 3050 bis
473 3001 604 3050 hanc
622 3002 909 3052 orationem
933 3017 1105 3055 eoram
1136 3003 1432 3054 Constanti-

370 3090 439 3130 no
460 3075 689 3136 habitam
710 3075 867 3127 fuisse
892 3085 1057 3142 patet.

435 3161 462 3197 ⁸
494 3154 719 3205 Fortasse
759 3154 999 3217 nesciant]
1042 3155 1200 3208 Haud
1245 3155 1430 3209 mirum

369 3230 412 3279 si
435 3231 586 3280 hodie
607 3233 746 3282 inter
771 3231 906 3282 viros
929 3232 1109 3283 doctos
1133 3240 1430 3283 controver—

375 3306 450 3355 sia
473 3315 554 3356 est
572 3314 744 3359 utrum
767 3308 1136 3360 Constantinus
1152 3309 1204 3360 in
1223 3310 1428 3360 Britan·

371 3384 476 3443 nia,
499 3387 564 3432 an
587 3384 637 3432 in
660 3385 910 3450 Bithynia
942 3394 1131 3449 natus3
1163 3394 1337 3438 utrum
1364 3402 1430 3440 ex

375 3459 629 3522 Eutropia
681 3462 887 3514 Claudii
918 3483 923 3490 ·
948 3464 1281 3530 imperatoris
1337 3471 1429 3516 aut

370 3538 481 3600 ejus
504 3536 679 3588 fratris
712 3539 821 3593 filia
851 3549 1003 3594 natus
1037 3544 1138 3595 sit:
1173 3544 1427 3608 siquidem

372 3613 454 3663 vel
512 3614 842 3665 Constantini
886 3618 1043 3682 ipsius
1092 3625 1328 3682 tempore
1373 3618 1428 3670 id

367 3692 545 3746 multis
572 3693 799 3753 ignotum
823 3692 981 3744 fnisse
1005 3697 1079 3749 ait
1100 3697 1398 3748 Eumenius.

433 3765 457 3802 ¹³
495 3768 760 3818 Gothorum
779 3769 961 3833 copias]
993 3770 1240 3821 Claudius
1265 3772 1426 3822 bosti-

367 3859 453 3893 um
476 3846 768 3895 exereitum
791 3859 855 3896 ex
880 3847 1034 3898 variis
1049 3847 1291 3910 gentibus
1306 3863 1426 3899 eon·

367 3921 570 3983 flatum,
601 3923 820 3974 classem
861 3938 985 3974 vero
1022 3925 1244 3990 amplius
1287 3925 1428 3982 mille

366 3998 583 4049 navibus
629 4007 956 4052 constantem
1005 4004 1158 4067 plane
1213 4002 1426 4055 delevit.

367 4075 515 4134 Caesa
535 4077 588 4126 in
612 4090 676 4125 eo
711 4077 846 4128 bello
870 4076 1162 4130 Gothorum
1186 4082 1429 4130 trecenta

367 4151 552 4213 viginti
586 4152 765 4206 millia.
828 4152 1115 4204 Trebellius
1148 4153 1339 4218 Pollio,
1371 4162 1426 4204 et

364 4230 558 4286 nummi
581 4230 803 4286 Claudio
826 4229 964 4294 Aug.
988 4231 1236 4295 Gothico.

438 4341 447 4349 ψ
494 4310 672 4376 ΒεῑρΙι.
694 4316 739 4362 et
770 4310 884 4363 Ver.
910 4312 1040 4363 Clas.

1318 4313 1506 4375 Pam-g.
1534 4312 1640 4365 Vet.

1573 2922 1589 2957 ¹
1630 2925 1830 2976 Utinam
1882 2925 2184 2992 diuturnior]
2257 2928 2395 2977 Nam
2441 2923 2573 2978 duos

1513 3007 1713 3051 tantum
1781 3003 1992 3053 circiter
2057 3019 2218 3053 annos
2278 3005 2574 3070 imperavit,

1512 3092 1702 3142 nempe
1726 3093 1757 3127 a
1778 3077 1901 3129 Kal.
1915 3077 2048 3142 Apr.
2072 3075 2291 3129 an.Ch'r.
2307 3094 2485 3132 ccciv.
2507 3081 2574 3136 ad

1513 3157 1637 3208 Kal.
1653 3155 1790 3219 Aug.
1812 3171 1895 3206 an.
1917 3168 2100 3208 cocvx.
2132 3157 2351 3210 Idatius.

1571 3232 1590 3277 j
1626 3232 1856 3291 Quamvis
1895 3234 2052 3296 igitur
2087 3234 2193 3298 ille]
2230 3235 2425 3286 Sensus
2460 3241 2572 3289 est:

1511 3312 1761 3365 Quamvis
1805 3310 2131 3364 felicissimus
2168 3314 2258 3364 ille
2297 3316 2574 3381 inaugura·

1509 3390 1671 3442 tionis
1717 3395 1823 3441 tuoe
1862 3389 1995 3455 dies,
2038 3406 2224 3455 magna
2264 3395 2572 3456 populorum

1511 3480 1704 3531 pompa
1746 3472 1802 3516 et
1850 3468 2226 3518 acclamatione
2275 3468 2573 3522 celebratus

1509 3544 1619 3603 sit;
1661 3542 1842 3608 tuique
1878 3543 2085 3606 imperii
2119 3544 2310 3594 natalis
2353 3558 2469 3595 eam
2503 3546 2575 3598 ob

1510 3633 1619 3667 rem
1642 3618 1908 3681 habeatur,
1929 3619 2067 3684 quod
2092 3626 2198 3669 tum
2235 3620 2457 3683 primum
2479 3621 2575 3671 im·

1511 3694 1777 3760 peratorio
1813 3693 1994 3745 habitu
2029 3703 2246 3745 ornatus
2282 3695 2573 3758 prodierisz

1499 3772 1618 3837 jam
1637 3777 1809 3822 tamen
1826 3777 1981 3822 antea
1993 3787 2025 3822 a
2041 3772 2351 3823 Constantio
2367 3778 2458 3824 tuo
2481 3789 2573 3838 pa·

1509 3853 1661 3899 rente
1685 3846 1976 3912 imperandi
2000 3847 2109 3911 jus,
2130 3855 2184 3897 et
2203 3846 2459 3899 fortunam
2484 3864 2570 3899 ae-

1507 3938 1742 3989 ceperas.
1804 3923 2053 3976 Barthius
2098 3921 2323 3972 Advers.
2360 3937 2487 3975 xiv.
2523 3929 2574 3976 9.

1506 4000 1706 4051 inserta
1717 4000 1905 4052 vocula
1924 4000 2074 4065 legit,
2094 4001 2195 4052 dien
2216 4000 2335 4051 Diis
2347 4003 2574 4065 proxima

1505 4079 1738 4142 religione
1756 4079 2033 4129 celebratus.

1570 4154 1595 4189 Β
1632 4155 1926 4219 Quinimmo]
1958 4156 2125 4206 Immo
2139 4161 2194 4205 et
2209 4155 2570 4208 Constantium

1507 4240 1698 4284 vestrae
1723 4232 1897 4284 domui
1920 4231 2168 4286 traditum
2192 4232 2259 4284 ab
2282 4248 2346 4284 eo
2371 4240 2571 4300 tempo·

2321 4315 2437 4367 40
